2800 4867
1114 453 1484 540 Praesalt‘o.
2260 478 2347 520 vn

368 627 596 704 Cuius
648 628 1087 717 collectioniS,
1151 657 1190 702 a
1237 626 1551 703 Fabricio
1602 630 2011 702 universitati
2063 656 2348 706 conces-

222 770 366 831 sae,
431 743 523 817 de
574 757 809 817 natura
864 758 932 817 et
978 742 1204 817 indole
1255 771 1410 817 cum
1459 746 1559 816 vir
1610 743 2013 816 clarissimus
2046 743 2350 818 Schaum

223 857 466 931 doctor
483 915 502 945 ,
564 860 632 929 in
683 856 1251 955 Ephemeridibus
1301 859 1813 957 entomologicis
1861 856 2350 934 Sedinensibus

224 985 364 1043 tum
428 975 498 1044 in
559 975 978 1059 universum,
1043 984 1181 1046 tum
1232 975 1299 1044 in
1350 976 1584 1071 specie
1636 972 1723 1046 de
1776 971 2175 1046 Scarabaeis
2225 974 2345 1046 ab·

223 1085 407 1157 unde
473 1088 723 1183 egerit,
784 1112 920 1160 non
983 1099 1088 1159 est
1151 1086 1336 1185 quod
1399 1090 1465 1160 in
1531 1114 1611 1161 ea
1661 1085 2109 1160 describenda
2158 1113 2344 1159 com-

221 1226 468 1274 morer.
801 1205 813 1214 ’

370 1311 474 1389 Ibi
536 1316 771 1410 viginti
832 1339 1075 1386 novem
1123 1311 1558 1388 Fabricianae
1610 1314 2027 1388 collectionis
2076 1318 2346 1411 species

226 1456 263 1498 a
324 1453 436 1500 me
489 1426 874 1525 indagatae,
932 1429 1168 1525 viginti
1216 1454 1341 1502 sex
1387 1429 1523 1502 hoc
1571 1430 1911 1502 volumine
1963 1427 2346 1527 descriptae

225 1554 396 1614 sunt.

368 1652 533 1728 Inde
568 1683 606 1727 a
628 1653 939 1728 Kielonia
970 1657 1143 1728 viam
1179 1655 1465 1730 ferream
1500 1669 1775 1731 secutus
1798 1654 2112 1729 Altonam
2135 1654 2339 1730 Ham-

222 1772 512 1866 burgum
579 1781 649 1842 et
707 1766 1093 1842 Berolinum
1160 1770 1309 1844 adii.
1427 1769 1714 1844 Altonae
1775 1773 1876 1843 vir
1939 1770 2342 1843 clarissimus

221 1883 534 1956 Sommer
586 1882 862 1956 divitem
913 1911 1098 1956 suam
1151 1885 1665 1984 elegantemque
1703 1882 2236 1958 scarabaeorum
2273 1896 2342 1957 et

219 1994 633 2093 Papilionum
687 1997 1156 2072 collectionem
1206 1993 1366 2070 mihi
1417 2000 1837 2084 monstravit,
1901 2011 1971 2070 et
2024 2040 2114 2050 —-
2168 2024 2341 2096 quae

231 2113 375 2182 eius
435 2125 537 2183 est
591 2113 972 2209 benignitas
1035 2156 1128 2168 -
1180 2113 1464 2207 insignia
1520 2110 1835 2182 nonnulla
1898 2107 2344 2216 Rhynchoto-

233 2251 379 2296 rum
433 2237 499 2297 et
524 2223 1187 2325 Hymenopterorum
1236 2225 1644 2323 exemplaria
1676 2224 1857 2297 dono
1891 2224 2052 2297 mihi
2085 2223 2289 2298 dedit.

365 2336 438 2411 In
486 2337 863 2437 Hamburgi
922 2352 992 2413 et
1039 2337 1477 2438 Eppendorfii
1541 2340 1830 2426 viciniis,
1906 2365 2078 2414 anno
2146 2339 2341 2412 1838

218 2480 346 2525 una
397 2480 554 2527 cum
603 2457 764 2527 viris
816 2454 1109 2551 egregiis
1175 2452 1451 2547 Tkorey
1501 2466 1570 2529 et
1618 2456 1704 2527 de
1747 2451 2089 2531 Wintloem
2139 2479 2177 2524 a
2227 2478 2342 2525 me
2442 2495 2445 2499 Α

214 2568 670 2666 perlustratiS,
746 2594 925 2641 nunc
989 2566 1230 2641 eodem
1293 2567 1500 2640 modo
1558 2594 1671 2641 me
1732 2580 2141 2640 moraturum
2192 2566 2338 2638 sore

211 2707 678 2781 speraveram,
728 2681 852 2755 sed
899 2683 1103 2779 longe
1154 2681 1343 2754 aliter
1391 2708 1508 2754 res
1551 2682 1798 2755 evenit.
1897 2680 2239 2782 Thorejua
2269 2681 2338 2749 in

211 2802 455 2871 itinere
506 2798 756 2870 absens
808 2809 969 2883 erat,
1021 2809 1091 2870 et
1126 2798 1538 2870 carissimum
1586 2793 2063 2870 Winthemium
2094 2792 2338 2867 morbo

209 2910 553 3011 phthisico
613 2910 794 2983 letali
853 2923 1240 3008 correptum
1302 2935 1382 2982 ac
1443 2908 1587 2982 fere
1639 2909 2032 2985 exhaustum
2085 2909 2335 2995 inveni;

208 3027 327 3125 qui
380 3026 686 3123 quamvis
736 3050 775 3095 a
823 3024 1292 3098 molestissima
1339 3023 1509 3096 tussi
1554 3048 1771 3120 paene
1814 3023 2083 3121 loquela
2115 3025 2333 3119 impe-

207 3140 490 3227 ditetur,
535 3151 758 3211 tamen
795 3164 902 3212 me
934 3164 1061 3236 per
1090 3138 1459 3212 litterarum
1495 3139 1974 3236 commercium
2008 3137 2135 3209 sibi
2171 3161 2336 3208 con-

204 3256 723 3340 iunctissimum,
774 3265 843 3325 et
892 3264 993 3327 tot
1042 3254 1515 3326 excursionum
1561 3250 1717 3322 olim
1756 3253 2092 3338 comitem,
2145 3251 2334 3324 beni-

204 3370 436 3466 gniter
500 3368 790 3464 excepit.
876 3365 1081 3438 Cuius
1130 3368 1254 3439 viri
1303 3377 1791 3465 praematuram
1842 3363 2147 3463 quidem,
2208 3362 2335 3437 sed

207 3482 327 3553 diu
388 3490 814 3578 expectatam
875 3492 1160 3554 mortem
1212 3480 1529 3554 historiae
1578 3477 1891 3553 naturalis
1941 3480 2134 3551 amici
2185 3502 2330 3549 me·

207 3622 366 3669 cum
419 3594 675 3692 lugent.

352 3705 522 3781 Inde
575 3735 615 3780 a
665 3706 774 3780 die
824 3711 890 3781 7.
942 3710 1193 3781 mensis
1224 3703 1514 3804 Augusti
1561 3732 1781 3805 usque
1829 3704 1916 3778 ad
1965 3705 2143 3778 diem
2193 3706 2344 3800 pri·-

209 3850 393 3896 mum
446 3822 702 3896 mensis
751 3817 1068 3896 Octobris
1117 3818 1416 3895 Berolini
1465 3831 1916 3894 commoratus
1964 3844 2134 3891 sum.
2203 3814 2331 3890 Vir

210 3939 626 4012 clarissimus
657 3935 866 4029 Kluq,
917 3938 1064 4034 regi
1114 3963 1152 4008 a
1202 3934 1495 4009 consiliis
1544 3936 1808 4021 intimis,
1857 3956 2159 4005 museum
2213 3956 2331 4003 en-

209 4051 722 4150 tomologicum‚
756 4076 957 4123 curae
990 4075 1151 4128 suae
1188 4048 1536 4137 creditum,
1588 4046 1890 4174 quotidie
1922 4045 2329 4144 perlustran-
