2800 4867
393 484 638 551 Famil.
664 483 1123 574 Clu-ysididoe.
1176 484 1494 574 Clu-yria.-
1519 485 1835 555 Phalanx
1872 487 1992 555 VI.
2124 490 2259 558 215

239 662 472 734 Chryu'e
505 663 746 718 nitidula
769 663 923 718 Fabr.
949 665 1013 719 E.
1038 664 1095 719 S.
1115 664 1168 718 2.
1194 663 1404 719 243221
1428 703 1447 731 ‚
1473 694 1537 708 —-
1564 665 1699 719 Pia.
1727 665 1949 723 176231.
1975 693 2043 708 -
2079 669 2259 725 lefi.

351 752 501 804 Mon.
540 750 658 803 Chr.
699 750 873 815 1127„
909 751 971 805 E.
1009 752 1077 805 H.
1113 750 1275 817 3029,
1311 752 1515 823 Dispos.
1544 751 1741 808 13:24.

243 837 472 908 Chrysa
491 847 811 907 purpurata
835 837 1007 977 {elige
1010 837 1182 977 ἒβη
1174 839 1247 977 21
1250 836 1429 977 ξῖίθῶ
1516 891 1790 944 mudum
1807 890 1982 963 Q,
2005 892 2060 946 in
2079 895 2261 949 Mm

1568 960 1890 1017 Berolincnsi
1911 983 2047 1018 anno
2072 966 2223 1020 1847.

244 1009 474 1081 Chrysis
509 1008 624 1063 Iris
655 1008 826 1063 Christ
828 1048 1421 1065 ........

244 1095 473 1167 Chrysis
505 1098 790 1151 coerulum
823 1097 958 1163 Meg.
993 1098 1128 1150 Latr.
1164 1111 1214 1150 et
1247 1096 1393 1167 Spin.
1431 1099 1625 1164 Musei*
1658 1101 1843 1158 Vicnn.
1877 1117 1928 1157 et
1958 1103 2216 1175 spinulae.

244 1181 452 1255 Chrysis
486 1184 762 1236 4-dentata
796 1184 931 1250 Meg.
968 1184 1105 1236 Mus.
1143 1182 1324 1236 Vienn.
1361 1197 1481 1237 teste
1514 1186 1582 1238 D.
1606 1185 1825 1243 Komtr.

240 1297 345 1331 var.
382 1279 437 1330 b.
471 1275 535 1346 ῼ.
607 1277 914 1330 Abdominis
955 1276 1193 1344 segmenti
1240 1276 1366 1330 3:63
1413 1298 1585 1346 margo
1630 1280 1841 1336 lateralis
1888 1302 1981 1335 nec
2014 1284 2261 1337 flexuosus

610 1383 706 1417 nec
739 1365 1013 1431 angulatas,
1045 1366 1132 1417 sed
1156 1363 1365 1435 oblique
1386 1367 1660 1424 subrectus.
1696 1365 1831 1423 Mus.
1857 1370 1924 1424 D.
1951 1367 2224 1425 Drewaeen.

266 1527 546 1594 Habitat
588 1550 707 1615 per
747 1527 1050 1616 plurimas
1095 1530 1402 1616 Europae
1446 1534 1770 1619 regiones,
1831 1555 1956 1600 nec
2009 1553 2148 1599 non
2189 1537 2258 1599 in

131 1643 429 1707 America
472 1641 976 1727 septentrionali,
1019 1644 1269 1730 passim.
1344 1641 1519 1707 Intra
1563 1645 1885 1731 Europam
1929 1644 2260 1712 borealem

129 1775 348 1841 usque
391 1757 461 1818 in
490 1754 800 1818 Fenniam
842 1752 1322 1820 meridionalem
1367 1752 1716 1836 adscendit,
1759 1767 1922 1823 teste
1952 1758 2039 1824 D.
2084 1758 2259 1822 Wil-

130 1865 294 1931 liam
336 1862 685 1954 Nylander·
738 1867 807 1930 in
868 1864 1112 1930 litteris.
1203 1864 1279 1931 In
1324 1865 1591 1932 Sveciac
1645 1867 1893 1933 mediae
1953 1879 2018 1936 et
2062 1871 2262 1938 'meri-

133 1976 413 2044 dionalis
469 1974 760 2062 sepibus,
831 1980 1074 2042 truncis
1133 1974 1436 2043 arborum
1495 1989 1560 2044 et
1624 1979 1973 2066 parietibus
2030 1980 2258 2069 ligneis

130 2111 352 2155 mense
396 2087 579 2154 Julio
636 2111 674 2153 a
730 2088 921 2157 nobis
968 2086 1326 2153 observata.
1420 2090 1516 2154 Ex
1572 2090 1865 2156 America
1915 2090 2169 2159 boreali
2220 2115 2259 2160 a

131 2201 284 2267 DD.
315 2200 659 2280 Drewaevu
705 2199 989 2287 Spiuola
1036 2210 1098 2265 et
1153 2199 1617 2267 Westermann
1662 2206 2140 2291 communicata.

257 2329 603 2395 ObserV.
692 2327 952 2413 Corpus
1010 2326 1347 2393 robustum
1409 2327 1775 2416 elongatum
1831 2330 2260 2417 subcylindri-

134 2466 276 2509 cum
319 2444 906 2526 canos-cinereoque
947 2439 1310 2529 pubescens
1356 2451 1421 2505 et
1463 2440 1762 2527 pilosum.
1831 2441 2067 2530 Caput,
2115 2445 2258 2510 tho-

134 2577 240 2620 rax
282 2553 778 2639 abdominisque
822 2561 1212 2637 segmentum
1243 2550 1504 2617 dorsale
1537 2556 1788 2619 lzmum
1820 2554 2159 2620 confertim
2188 2564 2256 2622 et

136 2666 472 2733 subcrasse
514 2674 819 2751 punctata
861 2662 1347 2741 subreticulata3
1394 2674 1788 2751 segmentum
1832 2664 2074 2731 22dum
2104 2686 2259 2731 con-

131 2780 339 2846 fertim
383 2776 634 2843 modice
677 2785 1078 2862 punctatum:
1122 2779 1379 2861 punctis
1424 2775 1857 2844 mediocribus
1890 2789 1953 2846 et
1982 2786 2259 2863 punctu-

128 2892 205 2958 lis
267 2890 631 2967 obser-tum,
687 2869 878 2974 segm.
922 2889 1166 2953 3ztium
1222 2886 1685 2974 punctulatum.
1779 2888 1996 2976 Caput
2037 2897 2261 2955 rotun-

126 3000 698 3088 dato-triangulare
727 3020 1043 3087 cyancum
1076 3008 1186 3063 aut
1214 2997 1576 3065 violascens
1598 2998 1683 3066 ad
1707 2999 2024 3087 singulum
2050 2999 2259 3087 quod-

131 3137 259 3202 que
325 3125 590 3179 stemma
645 3110 894 3176 macula
959 3131 1157 3196 parva
1214 3112 1592 3175 virescente.
1701 3108 1961 3176 Cavitas
2016 3110 2259 3176 facialis

125 3226 354 3294 viridis
409 3224 760 3291 confertius
816 3220 1541 3310 punctulato-coriacea
1555 3271 1572 3300 ,
1639 3219 1770 3285 lata
1824 3218 2259 3305 subquadrata

128 3360 413 3427 superne
458 3334 1227 3419 transverse-marginata,
1271 3334 1551 3419 margine
1596 3330 1736 3396 aliis
1781 3330 2256 3398 distinctissime

127 3452 271 3517 aliis
335 3447 672 3525 obsoleto,
748 3443 1110 3533 paullulum
1183 3453 1467 3509 arcuato.
1572 3444 1909 3510 Antennae
1950 3440 2259 3508 robustae

124 3558 576 3650 longiusculae
605 3555 1052 3644 nigro-fuscae,
1095 3553 1235 3620 basi
1262 3553 1306 3620 1.
1339 3576 1627 3641 cyaneae
1663 3554 1709 3620 1.
1741 3553 2258 3640 viridi-cyaneae.

125 3673 434 3761 Clypeus
478 3668 818 3735 mediocris
862 3678 1278 3744 transversus,
1323 3664 1504 3732 disco
1551 3676 1616 3732 et
1657 3664 1964 3732 lateribus
2006 3683 2262 3728 norma-

121 3786 221 3865 lis,
265 3784 352 3851 ad
398 3793 694 3856 centrum
736 3782 1035 3865 marginis
1082 3775 1341 3864 apicalis
1387 3787 1733 3855 truncatus,
1777 3772 2123 3861 superficie
2167 3773 2264 3836 ni-

120 3898 290 3965 tidus
336 3892 795 3986 punctulatus,
852 3890 896 3956 1.
929 3900 1105 3956 totus
1151 3908 1435 3975 cyaneus
1479 3886 1522 3951 l.
1563 3885 1782 3952 viridis
1829 3895 1893 3953 et
1940 3883 2119 3978 disco
2163 3884 2262 3947 in-

119 4011 370 4080 terdum
431 4017 551 4074 aut
607 4003 966 4070 violascens
1009 4010 1118 4069 aut
1170 4018 1662 4088 pur-putescens.
1752 3993 2037 4064 Labrum
2077 3993 2262 4107 semi:

1706 4109 1794 4173 15
1811 4107 1857 4153 ¹*
