2800 4867
447 477 511 517 vr
1316 454 1692 541 Praefatio.
1791 423 1799 432 -

449 656 622 704 anno
660 631 850 704 1847
903 632 1157 703 itineris
1206 634 1542 730 impensas
1586 633 1845 730 petenti
1895 632 2054 704 mihi
2095 632 2559 705 liberalissime

448 747 809 819 concessit.

550 847 719 931 'Die
769 860 837 932 5.
891 861 1139 931 mensis
1184 854 1329 931 Iulii
1379 858 1683 934 eiusdem
1734 862 1884 932 anni
1923 859 2130 934 1847-
2161 861 2398 933 itinere
2449 885 2558 930 su-

449 984 692 1072 scepto
742 975 1029 1072 primum
1077 970 1401 1046 Havniam
1450 1000 1561 1047 me
1614 976 1882 1062 contuli,
1935 986 2005 1046 et
2053 976 2560 1071 congregationi

448 1098 723 1159 naturae
785 1087 1236 1160 studiosorum
1299 1086 1781 1162 Scandinaviae
1843 1088 2038 1161 adfui.
2138 1085 2238 1161 Ibi
2303 1115 2340 1159 a
2401 1089 2559 1159 viris

449 1203 745 1299 egregiis
798 1200 1195 1273 Christiano
1242 1201 1617 1295 Drewsen,
1681 1203 2008 1276 Schiodte
2057 1201 2370 1287 doctore,
2444 1203 2559 1299 qui

447 1317 618 1412 regii
667 1317 882 1387 musei
934 1316 1219 1387 sectioni
1269 1318 1805 1415 entomologicae
1853 1328 2156 1415 praeest,
2218 1315 2559 1408 Staeqero

449 1442 517 1501 et
579 1428 1104 1505 Westermanno
1162 1432 1447 1502 maxima
1506 1430 1955 1503 benivolentia
2005 1440 2331 1527 exceptus
2390 1455 2556 1501 sum.

445 1540 1018 1616 Westermannus
1068 1555 1246 1614 tanta
1289 1543 1411 1616 suit
1442 1544 1856 1632 liberalitate,
1905 1555 1981 1617 ut
2010 1546 2336 1640 integram
2370 1570 2555 1615 suam

447 1653 919 1758 Chrysidarum
986 1658 1485 1743 collectionem,
1546 1684 1681 1729 non
1743 1658 1959 1730 solum
2010 1660 2076 1729 in
2126 1660 2362 1730 itinere
2412 1683 2557 1728 me—

447 1796 599 1842 cum
650 1771 1135 1869 asportandam,
1187 1771 1311 1844 sed
1362 1775 1560 1843 etiam
1594 1774 1657 1843 in
1691 1775 1969 1870 patriam
2007 1772 2239 1844 reduci
2269 1773 2558 1843 maximo

447 1886 585 1956 otio
637 1883 820 1956 domi
868 1884 1395 1983 perlustrandam
1444 1885 1602 1957 mihi
1654 1885 2082 1958 concederet.

589 1994 812 2070 Musei
838 1997 1238 2072 Havniensis
1274 2002 1512 2097 copiae
1548 2000 2082 2098 entomologicae
2109 2042 2202 2054 —
2228 2010 2559 2099 quatenus

443 2108 736 2184 Fabricii
785 2115 1150 2211 specimina
1197 2114 1430 2213 typica
1479 2116 1820 2214 continent
1847 2153 1948 2167 --
1982 2140 2069 2187 ex
2119 2113 2380 2185 duabus
2415 2113 2558 2185 col-

443 2226 847 2300 lectionibus
898 2240 1264 2324 congestae
1299 2241 1488 2332 sunt,
1538 2254 1814 2327 quarum
1858 2230 2154 2325 priorem
2185 2230 2288 2300 vir
2319 2229 2562 2300 beatae

442 2343 806 2415 memoriae
842 2338 933 2412 de
962 2340 1346 2429 Sehestedt,
1387 2344 1690 2414 minister
1736 2343 1979 2438 regius,
2012 2341 2284 2413 alteram
2320 2341 2563 2413 beatus

459 2455 734 2528 Tonder
780 2454 1013 2544 Lzmd,
1074 2455 1425 2554 vectigalis
1473 2451 1799 2541 director,
1871 2466 2024 2527 ante
2082 2453 2208 2526 hos
2260 2455 2353 2526 14
2412 2453 2558 2526 sere

386 2647 393 2656 ,
443 2596 654 2642 annos
716 2593 951 2641 museo
1014 2566 1451 2643 donaverunt.
1551 2566 1952 2667 specierum
2011 2594 2329 2641 numerus
2378 2571 2561 2640 circa

445 2683 682 2756 decem
735 2685 982 2755 milium
1037 2695 1157 2755 est.
1240 2682 1664 2782 Exemplaria
1712 2685 1779 2754 in
1829 2684 2087 2756 scriniis
2140 2695 2209 2756 et
2240 2685 2424 2756 cistis
2454 2685 2559 2754 vi-

446 2809 552 2869 tro
589 2799 931 2895 coopertis
964 2823 1155 2869 more
1194 2797 1391 2870 solito
1429 2797 1884 2882 adservantur.
1954 2795 2279 2869 Cistarum
2313 2796 2559 2869 fundus

444 2936 577 2982 non
630 2912 902 2999 subere,
950 2911 1077 2983 sed
1126 2936 1282 2983 cera
1330 2923 1554 2984 tectus
1604 2924 1727 2984 est.

587 3021 968 3123 Nonaginta
1029 3037 1100 3098 et
1156 3050 1290 3097 una
1350 3029 1621 3124 species
1681 3029 1748 3098 in
1809 3051 2047 3098 museo
2096 3022 2459 3098 Havniensi
2516 3051 2558 3095 a

443 3164 553 3211 me
583 3139 1046 3237 perlustratae,
1078 3142 1347 3237 triginta
1379 3139 1514 3212 hoc
1544 3140 1881 3214 volumine
1916 3139 2297 3237 descriptae
2331 3152 2503 3211 sunt.

590 3250 846 3325 Havnia
896 3253 1124 3326 relicta
1177 3250 1520 3327 Lubecam
1584 3267 1653 3327 et
1699 3252 2071 3326 Kieloniam
2123 3279 2232 3326 me
2284 3253 2556 3324 contuli.

442 3362 758 3440 Lubecae
792 3367 1018 3441 medii
1068 3368 1539 3441 collectionem
1589 3381 1660 3441 et
1707 3370 2209 3440 amoenissimas
2259 3369 2404 3440 eius
2452 3369 2555 3438 in-

443 3491 788 3554 sectorum
819 3484 1115 3579 picturas
1139 3484 1423 3581 inspexi.
1468 3481 1815 3555 Kieloniae
1842 3481 1999 3554 inde
2027 3509 2063 3554 a
2090 3481 2199 3554 die
2225 3482 2338 3553 30.
2366 3507 2557 3553 men-

442 3596 535 3667 sis
583 3592 729 3668 Iulii
788 3621 1007 3695 usque
1058 3595 1143 3668 ad
1193 3595 1372 3667 diem
1424 3600 1488 3671 7.
1541 3599 1790 3670 mensis
1841 3593 2130 3693 Augusti
2180 3619 2557 3667 commora-

440 3721 569 3797 tus,
617 3710 1070 3783 benivolentia
1116 3722 1186 3782 et
1234 3737 1443 3809 opera
1474 3712 1768 3784 virorum
1804 3709 2318 3783 clarissimorum
2351 3709 2558 3798 Βοίε,

441 3825 806 3920 justiciarii,
858 3835 929 3895 et
968 3824 1312 3915 Same-sen,
1354 3825 1674 3912 doctoris,
1724 3826 2288 3923 opportunitatem
2319 3836 2559 3895 nactus

441 3963 621 4027 sum,
684 3935 1021 4037 antiquam
1081 3939 1256 4011 illam
1297 3936 1589 4013 Fabricii
1640 3938 2140 4026 collectionem,
2201 3941 2269 4010 in
2318 3964 2558 4011 museo

439 4052 890 4125 universitatis
936 4046 1386 4126 Kieloniensis
1438 4053 1872 4140 adservatam,
1919 4051 2384 4151 perlustrandi.
