2800 4867
830 1475 882 1549 Ι.
995 1473 1663 1553 PRAEFATIO.

1113 1729 1410 1736 ψῃ.-

198 1869 434 2005 Quam
498 1929 678 1975 anno
747 1901 941 1976 1845
1002 1903 1151 1976 orbi
1215 1902 1478 1978 erudito
1540 1906 1980 2003 promiseram
2044 1903 2318 2004 Chrysi-

201 2016 424 2089 darum
474 2017 1028 2114 descriptionem,
1080 2042 1227 2089 eam
1277 2042 1457 2089 nunc
1506 2017 1774 2091 tandem
1824 2021 2055 2091 amicis
2100 2017 2318 2090 fauto-

205 2131 516 2229 ribusque
561 2131 764 2202 huius
817 2132 1044 2227 operis
1097 2130 1329 2202 offero.
1412 2127 1610 2228 Quod
1660 2131 1995 2229 aliquanto
2044 2129 2317 2217 tardius,

207 2267 402 2340 quam
450 2244 511 2315 in
555 2246 737 2316 votis
788 2241 1021 2330 fuerat,
1072 2243 1388 2315 volumen
1438 2242 1573 2316 hoc
1620 2246 1688 2316 in
1737 2244 1959 2317 lucem
2011 2243 2315 2341 prodeat,

197 2357 426 2454 paucis
475 2369 550 2432 ut
600 2382 926 2444 excusem
976 2382 1264 2430 necesse
1318 2368 1439 2430 est.

336 2469 401 2542 A
453 2470 917 2569 compluribus
969 2470 1420 2568 entomologis
1470 2482 1766 2567 rogatus,
1816 2483 1891 2546 ut
1936 2468 2313 2544 Fabriciani

188 2587 577 2684 systematis
607 2581 1033 2656 Piezatorum
1067 2597 1445 2657 accuratam
1496 2584 1771 2657 ederem
1823 2585 2312 2684 synonymiam‚

188 2699 321 2770 hoc
372 2701 442 2771 in
476 2725 589 2770 me
623 2696 917 2771 delatum
952 2725 1195 2772 munus
1228 2723 1547 2772 recusare
1584 2698 1787 2772 nolui.
1874 2693 2051 2769 Cum
2088 2707 2312 2770 autem

184 2810 478 2886 Fabricii
529 2810 974 2899 definitiones,
1021 2823 1331 2902 veterum
1381 2814 1786 2909 scriptorum
1836 2835 2048 2898 more,
2100 2809 2309 2883 colle-

183 2928 384 3013 ctive,
432 2937 511 2998 ut
558 2928 648 2998 ita
699 2925 936 3013 dicam,
986 2924 1221 3013 factae,
1271 2927 1338 2997 in
1389 2927 1651 2998 incerto
1702 2927 1972 3023 saepius
2022 2951 2149 2998 nos
2199 2948 2311 2998 re-

180 3039 515 3137 linquant,
590 3041 852 3111 cuinam
914 3042 1152 3136 generi
1208 3040 1320 3113 vel
1352 3041 1641 3142 ‘speciei
1698 3037 2097 3113 tribuendae
2158 3040 2309 3125 sint,

181 3179 338 3224 cum
399 3163 753 3250 praeterea
817 3153 996 3250 apud
1047 3179 1203 3225 eum
1249 3154 1500 3226 multae
1550 3152 2050 3250 designationes
2102 3155 2307 3226 omis—

181 3293 298 3338 sae
338 3268 491 3352 sint,
544 3264 790 3363 quibus
821 3292 970 3353 nos,
1004 3268 1531 3341 accuratioribus
1565 3265 2106 3363 indagationibus
2142 3291 2305 3338 con-

181 3382 379 3468 sueti,
429 3404 665 3451 carere
714 3404 849 3451 non
899 3406 1278 3477 possumuS,
1328 3380 1512 3453 nullo
1561 3380 1692 3452 alio
1742 3379 1947 3454 modo
1997 3379 2159 3452 mihi
2206 3383 2313 3461 vi-.

181 3521 299 3566 sus
348 3520 498 3566 sum
549 3496 878 3591 propositi
928 3496 1062 3566 mei
1112 3494 1311 3568 finem
1363 3496 1631 3592 assequi
1682 3520 1911 3592 posse,
1958 3496 2085 3566 nisi
2132 3521 2305 3592 quae

180 3605 486 3680 Havniae
535 3618 739 3705 atque
771 3604 1121 3681 Kieloniae
1158 3620 1581 3681 asservantur
1611 3605 1903 3681 Fabricii
1937 3611 2305 3705 specimina

183 3724 414 3820 typica
464 3745 620 3793 cum
650 3717 945 3794 Fabricii
995 3725 1390 3822 synonymis
1426 3721 1663 3795 sedulo
1703 3746 2183 3819 compararem,
2205 3815 2213 3821 .
2236 3732 2305 3794 et

182 3834 584 3908 ditissimum
635 3860 942 3910 museum
990 3826 1433 3911 Berolinense
1483 3838 1631 3934 ipse
1681 3838 2104 3933 inspicerem.

325 3944 448 4020 Ad
508 3947 690 4021 hunc
747 3949 946 4023 finem
1010 3977 1131 4023 rex
1182 3964 1416 4023 noster
1466 3950 2023 4023 clementissimus
2073 3944 2302 4036 Oscar,

180 4066 479 4137 omnium
514 4063 842 4138 bonarum
875 4065 1115 4139 artium
1147 4063 1366 4140 fautor
1397 4076 1600 4163 atque
1624 4053 1996 4161 promotor,
2028 4064 2300 4136 ineunte
