<?xml version="1.0" encoding="UTF-8"?>
<!DOCTYPE html PUBLIC "-//W3C//DTD XHTML 1.0 Transitional//EN"
    "http://www.w3.org/TR/xhtml1/DTD/xhtml1-transitional.dtd">
<html xmlns="http://www.w3.org/1999/xhtml" xml:lang="en" lang="en">
 <head>
  <title>
</title>
<meta http-equiv="Content-Type" content="text/html;charset=utf-8" />
  <meta name='ocr-system' content='tesseract 3.04.00' />
  <meta name='ocr-capabilities' content='ocr_page ocr_carea ocr_par ocr_line ocrx_word'/>
</head>
<body>
  <div class='ocr_page' id='page_1' title='image "./hymenopteraeuro00unkngoog_0058.png"; bbox 0 0 2800 4867; ppageno 0'>
   <div class='ocr_carea' id='block_1_1' title="bbox 11 1471 19 2344">
    <p class='ocr_par' dir='ltr' id='par_1_1' title="bbox 11 1471 19 2344">
     <span class='ocr_line' id='line_1_1' title="bbox 11 1471 19 2344; baseline 0 0"><span class='ocrx_word' id='word_1_1' title='bbox 11 1471 19 2344; x_wconf 95' lang='lat' dir='ltr'> </span> 
     </span>
    </p>
   </div>
   <div class='ocr_carea' id='block_1_2' title="bbox 480 439 1758 506">
    <p class='ocr_par' dir='ltr' id='par_1_2' title="bbox 480 439 1758 506">
     <span class='ocr_line' id='line_1_2' title="bbox 480 439 1758 506; baseline -0.001 -2"><span class='ocrx_word' id='word_1_2' title='bbox 480 441 569 506; x_wconf 77' lang='lat'>26</span> <span class='ocrx_word' id='word_1_3' title='bbox 1307 441 1375 505; x_wconf 84' lang='lat'>3.</span> <span class='ocrx_word' id='word_1_4' title='bbox 1470 439 1758 505; x_wconf 67' lang='lat' dir='ltr'>omnim.</span> 
     </span>
    </p>
   </div>
   <div class='ocr_carea' id='block_1_3' title="bbox 710 790 2357 891">
    <p class='ocr_par' dir='ltr' id='par_1_3' title="bbox 710 790 2357 891">
     <span class='ocr_line' id='line_1_3' title="bbox 710 790 2357 891; baseline -0.001 -25"><span class='ocrx_word' id='word_1_5' title='bbox 710 794 777 866; x_wconf 90' lang='lat'>3.</span> <span class='ocrx_word' id='word_1_6' title='bbox 866 794 1131 866; x_wconf 90' lang='lat' dir='ltr'>Genus</span> <span class='ocrx_word' id='word_1_7' title='bbox 1185 790 1600 867; x_wconf 91' lang='lat' dir='ltr'><strong>OMALUS</strong></span> <span class='ocrx_word' id='word_1_8' title='bbox 1651 794 1939 865; x_wconf 88' lang='lat' dir='ltr'>Panzer</span> <span class='ocrx_word' id='word_1_9' title='bbox 1988 814 2079 866; x_wconf 84' lang='lat' dir='ltr'>ex</span> <span class='ocrx_word' id='word_1_10' title='bbox 2125 801 2357 891; x_wconf 90' lang='lat' dir='ltr'>parte.</span> 
     </span>
    </p>
   </div>
   <div class='ocr_carea' id='block_1_4' title="bbox 478 931 2594 2345">
    <p class='ocr_par' dir='ltr' id='par_1_4' title="bbox 480 931 2590 1245">
     <span class='ocr_line' id='line_1_4' title="bbox 557 931 2586 1021; baseline -0.002 -19"><span class='ocrx_word' id='word_1_11' title='bbox 557 977 560 984; x_wconf 71' lang='grc'><em>·</em></span> <span class='ocrx_word' id='word_1_12' title='bbox 610 935 872 1021; x_wconf 87' lang='lat' dir='ltr'>Corpus</span> <span class='ocrx_word' id='word_1_13' title='bbox 917 957 1182 1021; x_wconf 89' lang='lat' dir='ltr'>parvum</span> <span class='ocrx_word' id='word_1_14' title='bbox 1229 937 1272 999; x_wconf 91' lang='lat'><strong>3</strong></span> <span class='ocrx_word' id='word_1_15' title='bbox 1315 934 1649 1008; x_wconf 71' lang='lat' dir='ltr'>millimetr.</span> <span class='ocrx_word' id='word_1_16' title='bbox 1702 972 1781 985; x_wconf 88' lang='lat'>—</span> <span class='ocrx_word' id='word_1_17' title='bbox 1830 934 1874 997; x_wconf 83' lang='lat'>2</span> <span class='ocrx_word' id='word_1_18' title='bbox 1917 931 2028 997; x_wconf 89' lang='lat' dir='ltr'>lin.</span> <span class='ocrx_word' id='word_1_19' title='bbox 2073 933 2360 998; x_wconf 89' lang='lat' dir='ltr'>decimal.</span> <span class='ocrx_word' id='word_1_20' title='bbox 2416 933 2586 1021; x_wconf 89' lang='lat' dir='ltr'>long.</span> 
     </span>
     <span class='ocr_line' id='line_1_5' title="bbox 480 1046 2590 1133; baseline -0 -22"><span class='ocrx_word' id='word_1_21' title='bbox 480 1049 680 1112; x_wconf 89' lang='lat' dir='ltr'>rarius</span> <span class='ocrx_word' id='word_1_22' title='bbox 726 1047 920 1126; x_wconf 90' lang='lat' dir='ltr'>ultra,</span> <span class='ocrx_word' id='word_1_23' title='bbox 966 1046 1537 1133; x_wconf 83' lang='lat' dir='ltr'>proportionaliter</span> <span class='ocrx_word' id='word_1_24' title='bbox 1580 1067 1876 1126; x_wconf 86' lang='lat' dir='ltr'>crassum,</span> <span class='ocrx_word' id='word_1_25' title='bbox 1922 1053 2198 1124; x_wconf 86' lang='lat' dir='ltr'>ovatum,</span> <span class='ocrx_word' id='word_1_26' title='bbox 2244 1056 2590 1112; x_wconf 83' lang='lat' dir='ltr'>ovato-ro-</span> 
     </span>
     <span class='ocr_line' id='line_1_6' title="bbox 483 1156 2392 1245; baseline -0.001 -21"><span class='ocrx_word' id='word_1_27' title='bbox 483 1159 816 1238; x_wconf 82' lang='lat' dir='ltr'>tundatum</span> <span class='ocrx_word' id='word_1_28' title='bbox 862 1169 972 1223; x_wconf 90' lang='lat' dir='ltr'>aut</span> <span class='ocrx_word' id='word_1_29' title='bbox 1015 1158 1329 1236; x_wconf 84' lang='lat' dir='ltr'>interdum</span> <span class='ocrx_word' id='word_1_30' title='bbox 1378 1156 1633 1243; x_wconf 83' lang='lat' dir='ltr'>quidem</span> <span class='ocrx_word' id='word_1_31' title='bbox 1680 1157 2392 1245; x_wconf 86' lang='lat' dir='ltr'>subhemisphaericum.-</span> 
     </span>
    </p>

    <p class='ocr_par' dir='ltr' id='par_1_5' title="bbox 479 1269 2590 1673">
     <span class='ocr_line' id='line_1_7' title="bbox 613 1269 2589 1358; baseline 0 -24"><span class='ocrx_word' id='word_1_32' title='bbox 613 1270 1031 1358; x_wconf 83' lang='lat' dir='ltr'>Mandibulae</span> <span class='ocrx_word' id='word_1_33' title='bbox 1077 1270 1432 1337; x_wconf 88' lang='lat' dir='ltr'>subbreves</span> <span class='ocrx_word' id='word_1_34' title='bbox 1479 1280 1588 1334; x_wconf 90' lang='lat' dir='ltr'>aut</span> <span class='ocrx_word' id='word_1_35' title='bbox 1633 1269 1985 1336; x_wconf 88' lang='lat' dir='ltr'>mediocres</span> <span class='ocrx_word' id='word_1_36' title='bbox 2030 1270 2367 1350; x_wconf 81' lang='lat' dir='ltr'>robustae,</span> <span class='ocrx_word' id='word_1_37' title='bbox 2410 1269 2589 1358; x_wconf 88' lang='lat' dir='ltr'>paul-</span> 
     </span>
     <span class='ocr_line' id='line_1_8' title="bbox 481 1367 2584 1469; baseline 0 -23"><span class='ocrx_word' id='word_1_38' title='bbox 481 1382 685 1447; x_wconf 89' lang='lat' dir='ltr'>lulum</span> <span class='ocrx_word' id='word_1_39' title='bbox 731 1393 1041 1461; x_wconf 81' lang='lat' dir='ltr'>arcuatae,</span> <span class='ocrx_word' id='word_1_40' title='bbox 1089 1394 1265 1448; x_wconf 88' lang='lat' dir='ltr'>extus</span> <span class='ocrx_word' id='word_1_41' title='bbox 1298 1404 1650 1459; x_wconf 83' lang='lat' dir='ltr'>convexae3</span> <span class='ocrx_word' id='word_1_42' title='bbox 1696 1386 1895 1446; x_wconf 88' lang='lat' dir='ltr'>intus:</span> <span class='ocrx_word' id='word_1_43' title='bbox 1940 1404 1976 1446; x_wconf 91' lang='lat' dir='ltr'>a</span> <span class='ocrx_word' id='word_1_44' title='bbox 2006 1382 2218 1448; x_wconf 91' lang='lat' dir='ltr'>medio</span> <span class='ocrx_word' id='word_1_45' title='bbox 2249 1367 2316 1448; x_wconf 85' lang='lat' dir='ltr'>in</span> <span class='ocrx_word' id='word_1_46' title='bbox 2347 1385 2584 1469; x_wconf 84' lang='lat' dir='ltr'>apicem</span> 
     </span>
     <span class='ocr_line' id='line_1_9' title="bbox 479 1494 2590 1581; baseline 0 -23"><span class='ocrx_word' id='word_1_47' title='bbox 479 1516 688 1573; x_wconf 84' lang='lat' dir='ltr'>cavae,</span> <span class='ocrx_word' id='word_1_48' title='bbox 734 1517 770 1558; x_wconf 90' lang='lat' dir='ltr'>a</span> <span class='ocrx_word' id='word_1_49' title='bbox 814 1494 953 1560; x_wconf 89' lang='lat' dir='ltr'>basi</span> <span class='ocrx_word' id='word_1_50' title='bbox 997 1498 1063 1559; x_wconf 89' lang='lat' dir='ltr'>in</span> <span class='ocrx_word' id='word_1_51' title='bbox 1109 1494 1383 1560; x_wconf 84' lang='lat' dir='ltr'>medium</span> <span class='ocrx_word' id='word_1_52' title='bbox 1428 1499 1828 1572; x_wconf 84' lang='lat' dir='ltr'>incrassatae,</span> <span class='ocrx_word' id='word_1_53' title='bbox 1873 1498 2054 1581; x_wconf 83' lang='lat' dir='ltr'>apice</span> <span class='ocrx_word' id='word_1_54' title='bbox 2098 1494 2590 1561; x_wconf 80' lang='lat' dir='ltr'>crenulato-tri-</span> 
     </span>
     <span class='ocr_line' id='line_1_10' title="bbox 481 1605 998 1673; baseline 0.002 -3"><span class='ocrx_word' id='word_1_55' title='bbox 481 1605 924 1673; x_wconf 83' lang='lat' dir='ltr'>denticulatae.</span> <span class='ocrx_word' id='word_1_56' title='bbox 995 1648 998 1651; x_wconf 89' lang='lat'>-</span> 
     </span>
    </p>

    <p class='ocr_par' dir='ltr' id='par_1_6' title="bbox 478 1717 2594 2143">
     <span class='ocr_line' id='line_1_11' title="bbox 517 1717 2593 1784; baseline 0.001 -3"><span class='ocrx_word' id='word_1_57' title='bbox 517 1728 525 1734; x_wconf 86' lang='lat'>&#39;</span> <span class='ocrx_word' id='word_1_58' title='bbox 611 1717 954 1784; x_wconf 88' lang='lat' dir='ltr'>Abdomen</span> <span class='ocrx_word' id='word_1_59' title='bbox 980 1718 1278 1784; x_wconf 31' lang='lat' dir='ltr'>*breviter</span> <span class='ocrx_word' id='word_1_60' title='bbox 1323 1730 1386 1784; x_wconf 90' lang='lat' dir='ltr'>et</span> <span class='ocrx_word' id='word_1_61' title='bbox 1429 1718 1557 1784; x_wconf 91' lang='lat' dir='ltr'>late</span> <span class='ocrx_word' id='word_1_62' title='bbox 1604 1727 1863 1783; x_wconf 89' lang='lat' dir='ltr'>ovatum</span> <span class='ocrx_word' id='word_1_63' title='bbox 1906 1718 2226 1783; x_wconf 85' lang='lat' dir='ltr'>interdum</span> <span class='ocrx_word' id='word_1_64' title='bbox 2277 1718 2593 1784; x_wconf 84' lang='lat' dir='ltr'>subhemi-</span> 
     </span>
     <span class='ocr_line' id='line_1_12' title="bbox 480 1811 2594 1918; baseline 0.001 -25"><span class='ocrx_word' id='word_1_65' title='bbox 480 1811 893 1917; x_wconf 78' lang='lat' dir='ltr'>sphaericum,</span> <span class='ocrx_word' id='word_1_66' title='bbox 937 1834 1244 1918; x_wconf 82' lang='lat' dir='ltr'>segmenti</span> <span class='ocrx_word' id='word_1_67' title='bbox 1288 1830 1557 1897; x_wconf 88' lang='lat' dir='ltr'>dorsalis</span> <span class='ocrx_word' id='word_1_68' title='bbox 1601 1832 1732 1896; x_wconf 81' lang='lat' dir='ltr'>32tii</span> <span class='ocrx_word' id='word_1_69' title='bbox 1776 1851 1991 1916; x_wconf 89' lang='lat' dir='ltr'>margo</span> <span class='ocrx_word' id='word_1_70' title='bbox 2037 1830 2297 1917; x_wconf 87' lang='lat' dir='ltr'>apicalis</span> <span class='ocrx_word' id='word_1_71' title='bbox 2336 1834 2406 1896; x_wconf 86' lang='lat' dir='ltr'>in</span> <span class='ocrx_word' id='word_1_72' title='bbox 2446 1854 2594 1896; x_wconf 90' lang='lat' dir='ltr'>cen-</span> 
     </span>
     <span class='ocr_line' id='line_1_13' title="bbox 478 1942 2590 2031; baseline 0.001 -24"><span class='ocrx_word' id='word_1_73' title='bbox 478 1953 579 2008; x_wconf 88' lang='lat' dir='ltr'>tro</span> <span class='ocrx_word' id='word_1_74' title='bbox 628 1947 871 2008; x_wconf 89' lang='lat' dir='ltr'>excisus</span> <span class='ocrx_word' id='word_1_75' title='bbox 916 1943 957 2007; x_wconf 93' lang='lat' dir='ltr'>l.</span> <span class='ocrx_word' id='word_1_76' title='bbox 1006 1947 1454 2031; x_wconf 87' lang='lat' dir='ltr'>emarginatus:</span> <span class='ocrx_word' id='word_1_77' title='bbox 1500 1944 1785 2008; x_wconf 87' lang='lat' dir='ltr'>excisura</span> <span class='ocrx_word' id='word_1_78' title='bbox 1812 1942 1855 2008; x_wconf 91' lang='lat' dir='ltr'>l.</span> <span class='ocrx_word' id='word_1_79' title='bbox 1889 1946 2346 2031; x_wconf 86' lang='lat' dir='ltr'>emarginatura</span> <span class='ocrx_word' id='word_1_80' title='bbox 2387 1943 2590 2010; x_wconf 90' lang='lat' dir='ltr'>libera</span> 
     </span>
     <span class='ocr_line' id='line_1_14' title="bbox 479 2060 1002 2143; baseline -0.002 -23"><span class='ocrx_word' id='word_1_81' title='bbox 479 2077 600 2120; x_wconf 90' lang='lat' dir='ltr'>nec</span> <span class='ocrx_word' id='word_1_82' title='bbox 642 2060 1002 2143; x_wconf 80' lang='lat' dir='ltr'>marginata.</span> 
     </span>
    </p>

    <p class='ocr_par' dir='ltr' id='par_1_7' title="bbox 481 2167 2591 2345">
     <span class='ocr_line' id='line_1_15' title="bbox 608 2167 2591 2255; baseline 0.001 -23"><span class='ocrx_word' id='word_1_83' title='bbox 608 2167 870 2254; x_wconf 89' lang='lat' dir='ltr'>Species</span> <span class='ocrx_word' id='word_1_84' title='bbox 916 2167 1128 2233; x_wconf 89' lang='lat' dir='ltr'>Omali</span> <span class='ocrx_word' id='word_1_85' title='bbox 1175 2168 1450 2234; x_wconf 85' lang='lat' dir='ltr'>Generis</span> <span class='ocrx_word' id='word_1_86' title='bbox 1511 2171 1548 2233; x_wconf 90' lang='lat'>&#39;7</span> <span class='ocrx_word' id='word_1_87' title='bbox 1597 2170 2069 2255; x_wconf 83' lang='lat' dir='ltr'>cognoscimus:</span> <span class='ocrx_word' id='word_1_88' title='bbox 2127 2167 2169 2232; x_wconf 81' lang='lat'>&#39;6</span> <span class='ocrx_word' id='word_1_89' title='bbox 2215 2168 2591 2255; x_wconf 80' lang='lat' dir='ltr'>Europaeas</span> 
     </span>
     <span class='ocr_line' id='line_1_16' title="bbox 481 2263 1056 2345; baseline -0.002 0"><span class='ocrx_word' id='word_1_90' title='bbox 481 2290 545 2345; x_wconf 90' lang='lat' dir='ltr'>et</span> <span class='ocrx_word' id='word_1_91' title='bbox 594 2283 625 2344; x_wconf 94' lang='lat'>1</span> <span class='ocrx_word' id='word_1_92' title='bbox 680 2263 1056 2345; x_wconf 80' lang='lat' dir='ltr'>Africanam.</span> 
     </span>
    </p>
   </div>
   <div class='ocr_carea' id='block_1_5' title="bbox 522 2497 2598 2808">
    <p class='ocr_par' dir='ltr' id='par_1_8' title="bbox 522 2497 2598 2808">
     <span class='ocr_line' id='line_1_17' title="bbox 522 2497 2594 2587; baseline 0.001 -22"><span class='ocrx_word' id='word_1_93' title='bbox 522 2501 688 2566; x_wconf 88' lang='lat' dir='ltr'>Sect.</span> <span class='ocrx_word' id='word_1_94' title='bbox 745 2503 791 2565; x_wconf 94' lang='lat'>1.</span> <span class='ocrx_word' id='word_1_95' title='bbox 884 2499 1262 2565; x_wconf 89' lang='lat' dir='ltr'>Abdominis</span> <span class='ocrx_word' id='word_1_96' title='bbox 1307 2510 1692 2587; x_wconf 83' lang='lat' dir='ltr'>segmentum</span> <span class='ocrx_word' id='word_1_97' title='bbox 1739 2497 1992 2565; x_wconf 89' lang='lat' dir='ltr'>dorsale</span> <span class='ocrx_word' id='word_1_98' title='bbox 2020 2501 2239 2565; x_wconf 76' lang='lat' dir='ltr'>3:1ium</span> <span class='ocrx_word' id='word_1_99' title='bbox 2270 2501 2335 2565; x_wconf 89' lang='lat' dir='ltr'>in</span> <span class='ocrx_word' id='word_1_100' title='bbox 2367 2512 2594 2567; x_wconf 88' lang='lat' dir='ltr'>centro</span> 
     </span>
     <span class='ocr_line' id='line_1_18' title="bbox 877 2609 2598 2700; baseline 0.002 -25"><span class='ocrx_word' id='word_1_101' title='bbox 877 2616 1171 2699; x_wconf 87' lang='lat' dir='ltr'>marginis</span> <span class='ocrx_word' id='word_1_102' title='bbox 1216 2611 1477 2698; x_wconf 89' lang='lat' dir='ltr'>apicalis</span> <span class='ocrx_word' id='word_1_103' title='bbox 1525 2609 1986 2677; x_wconf 83' lang='lat' dir='ltr'>distinctissime</span> <span class='ocrx_word' id='word_1_104' title='bbox 2035 2623 2097 2676; x_wconf 85' lang='lat' dir='ltr'>et</span> <span class='ocrx_word' id='word_1_105' title='bbox 2131 2611 2598 2700; x_wconf 82' lang='lat' dir='ltr'>subtriangula-</span> 
     </span>
     <span class='ocr_line' id='line_1_19' title="bbox 880 2722 1953 2808; baseline 0.002 -23"><span class='ocrx_word' id='word_1_106' title='bbox 880 2726 1034 2788; x_wconf 88' lang='lat' dir='ltr'>riter</span> <span class='ocrx_word' id='word_1_107' title='bbox 1077 2726 1351 2788; x_wconf 86' lang='lat' dir='ltr'>excisum</span> <span class='ocrx_word' id='word_1_108' title='bbox 1397 2722 1439 2786; x_wconf 86' lang='lat' dir='ltr'>l.</span> <span class='ocrx_word' id='word_1_109' title='bbox 1488 2726 1953 2808; x_wconf 88' lang='lat' dir='ltr'>emarginatum.</span> 
     </span>
    </p>
   </div>
   <div class='ocr_carea' id='block_1_6' title="bbox 1019 2922 2049 2985">
    <p class='ocr_par' dir='ltr' id='par_1_9' title="bbox 1019 2922 2049 2985">
     <span class='ocr_line' id='line_1_20' title="bbox 1019 2922 2049 2985; baseline -0.001 -1"><span class='ocrx_word' id='word_1_110' title='bbox 1019 2924 1076 2984; x_wconf 85' lang='lat'>8.</span> <span class='ocrx_word' id='word_1_111' title='bbox 1147 2922 1445 2984; x_wconf 83' lang='lat' dir='ltr'>Omalus</span> <span class='ocrx_word' id='word_1_112' title='bbox 1483 2930 1783 2984; x_wconf 83' lang='lat' dir='ltr'>auratus</span> <span class='ocrx_word' id='word_1_113' title='bbox 1849 2924 2049 2985; x_wconf 89' lang='lat' dir='ltr'>lem.</span> 
     </span>
    </p>
   </div>
   <div class='ocr_carea' id='block_1_7' title="bbox 474 3077 2604 4065">
    <p class='ocr_par' dir='ltr' id='par_1_10' title="bbox 474 3077 2602 3616">
     <span class='ocr_line' id='line_1_21' title="bbox 611 3077 2599 3171; baseline 0.004 -30"><span class='ocrx_word' id='word_1_114' title='bbox 611 3077 876 3142; x_wconf 70' lang='lat' dir='ltr'>Parvus</span> <span class='ocrx_word' id='word_1_115' title='bbox 909 3079 940 3141; x_wconf 92' lang='lat' dir='ltr'>l</span> <span class='ocrx_word' id='word_1_116' title='bbox 964 3112 1045 3127; x_wconf 91' lang='lat'>——</span> <span class='ocrx_word' id='word_1_117' title='bbox 1065 3078 1135 3162; x_wconf 63' lang='lat' dir='ltr'>l}</span> <span class='ocrx_word' id='word_1_118' title='bbox 1167 3078 1280 3144; x_wconf 77' lang='lat' dir='ltr'>lin.</span> <span class='ocrx_word' id='word_1_119' title='bbox 1311 3079 1608 3144; x_wconf 73' lang='lat' dir='ltr'>decimal.</span> <span class='ocrx_word' id='word_1_120' title='bbox 1640 3080 1817 3166; x_wconf 77' lang='lat' dir='ltr'>long.</span> <span class='ocrx_word' id='word_1_121' title='bbox 1848 3082 2386 3171; x_wconf 69' lang='lat' dir='ltr'>viridi-cyaneus,</span> <span class='ocrx_word' id='word_1_122' title='bbox 2431 3103 2599 3149; x_wconf 81' lang='lat' dir='ltr'>raro</span> 
     </span>
     <span class='ocr_line' id='line_1_22' title="bbox 475 3190 2601 3273; baseline 0.003 -18"><span class='ocrx_word' id='word_1_123' title='bbox 475 3190 805 3255; x_wconf 70' lang='lat' dir='ltr'>violaceus</span> <span class='ocrx_word' id='word_1_124' title='bbox 850 3199 965 3254; x_wconf 78' lang='lat' dir='ltr'>aut</span> <span class='ocrx_word' id='word_1_125' title='bbox 1008 3214 1378 3273; x_wconf 72' lang='lat' dir='ltr'>aene-scens,</span> <span class='ocrx_word' id='word_1_126' title='bbox 1425 3190 1791 3258; x_wconf 67' lang='lat' dir='ltr'>abdominis</span> <span class='ocrx_word' id='word_1_127' title='bbox 1830 3193 2025 3257; x_wconf 71' lang='lat' dir='ltr'>dorso</span> <span class='ocrx_word' id='word_1_128' title='bbox 2071 3192 2113 3258; x_wconf 85' lang='lat' dir='ltr'>l.</span> <span class='ocrx_word' id='word_1_129' title='bbox 2158 3193 2356 3259; x_wconf 80' lang='lat' dir='ltr'>rubro</span> <span class='ocrx_word' id='word_1_130' title='bbox 2412 3195 2454 3259; x_wconf 84' lang='lat' dir='ltr'>l.</span> <span class='ocrx_word' id='word_1_131' title='bbox 2501 3198 2601 3261; x_wconf 77' lang='lat' dir='ltr'>vi-</span> 
     </span>
     <span class='ocr_line' id='line_1_23' title="bbox 474 3302 2598 3391; baseline 0.002 -23"><span class='ocrx_word' id='word_1_132' title='bbox 474 3303 873 3368; x_wconf 75' lang='lat' dir='ltr'>ridi-aurato</span> <span class='ocrx_word' id='word_1_133' title='bbox 914 3302 957 3366; x_wconf 85' lang='lat' dir='ltr'>l.</span> <span class='ocrx_word' id='word_1_134' title='bbox 988 3303 1536 3391; x_wconf 73' lang='lat' dir='ltr'>viridi-nigroque</span> <span class='ocrx_word' id='word_1_135' title='bbox 1578 3327 1801 3387; x_wconf 82' lang='lat' dir='ltr'>aeneo,</span> <span class='ocrx_word' id='word_1_136' title='bbox 1848 3308 2384 3391; x_wconf 75' lang='lat' dir='ltr'>emarginaturae</span> <span class='ocrx_word' id='word_1_137' title='bbox 2428 3332 2598 3373; x_wconf 80' lang='lat' dir='ltr'>ana-</span> 
     </span>
     <span class='ocr_line' id='line_1_24' title="bbox 476 3415 2602 3505; baseline 0.003 -25"><span class='ocrx_word' id='word_1_138' title='bbox 476 3415 562 3481; x_wconf 67' lang='lat' dir='ltr'>lis</span> <span class='ocrx_word' id='word_1_139' title='bbox 605 3416 770 3480; x_wconf 66' lang='lat' dir='ltr'>lobia</span> <span class='ocrx_word' id='word_1_140' title='bbox 819 3415 1252 3481; x_wconf 71' lang='lat' dir='ltr'>mediocribus</span> <span class='ocrx_word' id='word_1_141' title='bbox 1297 3416 1522 3481; x_wconf 69' lang='lat' dir='ltr'>obtuse</span> <span class='ocrx_word' id='word_1_142' title='bbox 1565 3415 2207 3503; x_wconf 52' lang='lat' dir='ltr'>subtriangulmibus</span> <span class='ocrx_word' id='word_1_143' title='bbox 2221 3464 2242 3501; x_wconf 84' lang='lat'><strong><em>‚</em></strong></span> <span class='ocrx_word' id='word_1_144' title='bbox 2287 3430 2602 3505; x_wconf 65' lang='lat' dir='ltr'>pontecu-</span> 
     </span>
     <span class='ocr_line' id='line_1_25' title="bbox 477 3527 2465 3616; baseline 0.003 -23"><span class='ocrx_word' id='word_1_145' title='bbox 477 3528 627 3593; x_wconf 82' lang='lat' dir='ltr'>tello</span> <span class='ocrx_word' id='word_1_146' title='bbox 671 3527 871 3612; x_wconf 69' lang='lat' dir='ltr'>gibbo</span> <span class='ocrx_word' id='word_1_147' title='bbox 914 3527 1564 3615; x_wconf 66' lang='lat' dir='ltr'>eubhemiephaerim,</span> <span class='ocrx_word' id='word_1_148' title='bbox 1609 3529 1738 3594; x_wconf 70' lang='lat' dir='ltr'>alie</span> <span class='ocrx_word' id='word_1_149' title='bbox 1783 3534 1969 3616; x_wconf 75' lang='lat' dir='ltr'>apice</span> <span class='ocrx_word' id='word_1_150' title='bbox 2012 3541 2119 3596; x_wconf 71' lang='lat' dir='ltr'>eat</span> <span class='ocrx_word' id='word_1_151' title='bbox 2140 3528 2465 3615; x_wconf 70' lang='lat' dir='ltr'>fumosis.</span> 
     </span>
    </p>

    <p class='ocr_par' dir='ltr' id='par_1_11' title="bbox 621 3625 1724 3707">
     <span class='ocr_line' id='line_1_26' title="bbox 621 3625 1724 3707; baseline 0.003 -4"><span class='ocrx_word' id='word_1_152' title='bbox 621 3639 1124 3707; x_wconf 58' lang='lat' dir='ltr'>Varietate&amp;</span> <span class='ocrx_word' id='word_1_153' title='bbox 1222 3640 1444 3706; x_wconf 71' lang='lat' dir='ltr'>Omalz&#39;</span> <span class='ocrx_word' id='word_1_154' title='bbox 1488 3625 1724 3706; x_wconf 64' lang='lat' dir='ltr'>aurati.</span> 
     </span>
    </p>

    <p class='ocr_par' dir='ltr' id='par_1_12' title="bbox 519 3743 2604 4065">
     <span class='ocr_line' id='line_1_27' title="bbox 519 3743 2602 3849; baseline 0.002 -33"><span class='ocrx_word' id='word_1_155' title='bbox 519 3753 720 3817; x_wconf 90' lang='lat' dir='ltr'>Divis.</span> <span class='ocrx_word' id='word_1_156' title='bbox 763 3756 821 3817; x_wconf 95' lang='lat' dir='ltr'>l.</span> <span class='ocrx_word' id='word_1_157' title='bbox 902 3753 1069 3817; x_wconf 87' lang='lat' dir='ltr'>Area</span> <span class='ocrx_word' id='word_1_158' title='bbox 1128 3755 1388 3840; x_wconf 88' lang='lat' dir='ltr'>pronoti</span> <span class='ocrx_word' id='word_1_159' title='bbox 1448 3756 1694 3839; x_wconf 88' lang='lat' dir='ltr'>postica</span> <span class='ocrx_word' id='word_1_160' title='bbox 1741 3763 1804 3818; x_wconf 90' lang='lat' dir='ltr'>et</span> <span class='ocrx_word' id='word_1_161' title='bbox 1848 3743 2092 3849; x_wconf 48' lang='lat' dir='ltr'>d&#39;orsuli</span> <span class='ocrx_word' id='word_1_162' title='bbox 2138 3757 2345 3819; x_wconf 87' lang='lat' dir='ltr'>antica</span> <span class='ocrx_word' id='word_1_163' title='bbox 2387 3755 2602 3821; x_wconf 84' lang='lat' dir='ltr'>nitida</span> 
     </span>
     <span class='ocr_line' id='line_1_28' title="bbox 900 3855 2604 3953; baseline 0.002 -24"><span class='ocrx_word' id='word_1_164' title='bbox 900 3886 1117 3952; x_wconf 89' lang='lat' dir='ltr'>sparse</span> <span class='ocrx_word' id='word_1_165' title='bbox 1160 3864 1548 3951; x_wconf 88' lang='lat' dir='ltr'>punctulata.</span> <span class='ocrx_word' id='word_1_166' title='bbox 1644 3855 1858 3951; x_wconf 68' lang='lat' dir='ltr'>Caput</span> <span class='ocrx_word' id='word_1_167' title='bbox 1917 3876 1980 3931; x_wconf 92' lang='lat' dir='ltr'>et</span> <span class='ocrx_word' id='word_1_168' title='bbox 2037 3867 2259 3933; x_wconf 83' lang='lat' dir='ltr'>thorax</span> <span class='ocrx_word' id='word_1_169' title='bbox 2305 3867 2604 3953; x_wconf 85' lang='lat' dir='ltr'>plurimis</span> 
     </span>
     <span class='ocr_line' id='line_1_29' title="bbox 902 3975 2579 4065; baseline 0.002 -26"><span class='ocrx_word' id='word_1_170' title='bbox 902 3975 1378 4063; x_wconf 88' lang='lat' dir='ltr'>viridi-cyanea,</span> <span class='ocrx_word' id='word_1_171' title='bbox 1409 3980 1628 4063; x_wconf 86' lang='lat' dir='ltr'>paucis</span> <span class='ocrx_word' id='word_1_172' title='bbox 1661 3999 1820 4064; x_wconf 89' lang='lat' dir='ltr'>pure</span> <span class='ocrx_word' id='word_1_173' title='bbox 1844 4000 2090 4065; x_wconf 84' lang='lat' dir='ltr'>cyanea</span> <span class='ocrx_word' id='word_1_174' title='bbox 2119 3989 2229 4044; x_wconf 91' lang='lat' dir='ltr'>aut</span> <span class='ocrx_word' id='word_1_175' title='bbox 2260 3979 2579 4046; x_wconf 85' lang='lat' dir='ltr'>violacea.</span> 
     </span>
    </p>
   </div>
  </div>
 </body>
</html>
