2800 4867
501 431 638 500 800
947 430 1192 500 Fan-tl.
1215 431 1662 519 Pomopidae.
1709 432 1826 497 12..
1844 431 2220 520 Por-nopes.

635 604 978 674 Abdomen
1037 617 1232 675 ovato
1246 606 1872 696 -subrectangulum,
1941 616 2270 697 segmenta
2312 605 2625 674 dorsalia:

503 721 712 785 unm-is
755 720 817 800 4,
842 757 924 771 —
949 715 1084 799 933
1160 730 1555 807 segmentum
1622 719 1882 786 dorsale
1949 719 2238 787 ultimum
2294 723 2625 786 maximum

503 834 671 900 serie
690 887 707 904 .
737 841 887 898 ante
913 872 943 882 -
964 831 1196 921 apicali
1253 870 1335 884 —
1393 831 1570 919 apud
1633 831 1899 898 familias
1958 831 2413 900 antecedentes
2482 854 2625 898 nor·

496 942 655 1009 mali
700 979 783 995 -—
828 947 1096 1011 omnino
1153 954 1354 1023 caret,
1411 954 1522 1009 aut
1575 943 2167 1011 subsemicirculare
2212 955 2325 1010 aut
2363 948 2627 1011 conico-

501 1053 1029 1142 subtriangulare,
1072 1066 1253 1143 parte
1294 1054 1499 1121 basali
1546 1065 1609 1120 et
1652 1059 1932 1121 maxima
1959 1055 2212 1122 modice
2247 1078 2625 1137 convexum,

503 1177 656 1233 ante
709 1169 1051 1254 marginem
1104 1166 1350 1233 analem
1395 1169 1698 1255 utrinque
1744 1167 2030 1256 elliptico
2044 1206 2071 1217 -
2111 1177 2225 1232 aut
2267 1172 2627 1235 ovato-im-

502 1299 776 1344 mersum
831 1277 1118 1346 carinula
1174 1278 1470 1346 mediana
1524 1277 1710 1345 brevi
1752 1282 1963 1346 minus
2008 1278 2452 1348 determinata
2476 1301 2626 1347 con-

501 1410 662 1455 vexa
705 1390 1165 1458 intercedente.
1251 1390 1520 1456 Limbus
1577 1390 1778 1456 analis
1824 1394 2171 1477 (segmenti
2214 1390 2494 1457 dorsalis
2538 1393 2627 1457 ul-

501 1502 678 1584 timi)
706 1515 1006 1585 'crassuS,
1038 1499 1044 1505 ”
1072 1512 1181 1568 aut
1238 1501 1580 1590 depressus
1639 1501 1902 1569 declivis
1947 1512 2059 1567 aut
2101 1523 2459 1584 convexuS,
2515 1502 2626 1569 du·
2707 1531 2713 1538 ·

502 1610 659 1699 plici
699 1616 866 1680 serie
908 1614 1285 1681 ser-tulatus:
1329 1618 1497 1682 serie
1540 1617 1876 1702 superiore
1918 1617 2260 1701 marginem
2304 1612 2621 1682 dorsalem

502 1727 817 1811 sequente
874 1735 988 1790 aut
1043 1747 1082 1790 a
1137 1724 1489 1792 tuberculis
1529 1736 1659 1792 aut
1714 1749 1753 1792 a
1809 1726 2081 1814 spinulis
2137 1728 2620 1814 mioeoaeopicts

502 1839 879 1916 constituta,
928 1839 1098 1904 serie
1151 1838 1461 1908 inferiore
1500 1836 1848 1916 secundum
1892 1840 2237 1926 marginem
2276 1839 2619 1908 ventralem

501 1944 693 2012 ducta
750 1958 816 2014 et
870 1947 1210 2015 denticulis
1265 1950 1308 2020 l.
1353 1948 1977 2039 subtriangularibus
2027 1950 2072 2016 l.
2118 1949 2468 2037 spinoideis
2520 1952 2610 2019 di-

502 2059 748 2123 stinctis
787 2062 1113 2127 instructa.

636 2169 909 2257 Species
962 2175 1276 2262 Parnopis
1338 2173 1614 2243 Generis
1670 2178 1713 2242 4
1758 2175 2053 2262 cognitae
2102 2184 2284 2242 sunt=
2343 2176 2390 2243 3
2422 2176 2622 2266 Aegy-

502 2283 751 2367 ptiacae
796 2294 862 2351 et
904 2288 1095 2353 unica
1139 2288 1500 2375 Europaei·-
1569 2319 1572 2322 ·
2247 2294 2252 2298 ’
