<?xml version="1.0" encoding="UTF-8"?>
<!DOCTYPE html PUBLIC "-//W3C//DTD XHTML 1.0 Transitional//EN"
    "http://www.w3.org/TR/xhtml1/DTD/xhtml1-transitional.dtd">
<html xmlns="http://www.w3.org/1999/xhtml" xml:lang="en" lang="en">
 <head>
  <title>
</title>
<meta http-equiv="Content-Type" content="text/html;charset=utf-8" />
  <meta name='ocr-system' content='tesseract 3.04.00' />
  <meta name='ocr-capabilities' content='ocr_page ocr_carea ocr_par ocr_line ocrx_word'/>
</head>
<body>
  <div class='ocr_page' id='page_1' title='image "./hymenopteraeuro00unkngoog_0023.png"; bbox 0 0 2800 4867; ppageno 0'>
   <div class='ocr_carea' id='block_1_1' title="bbox 2171 505 2313 549">
    <p class='ocr_par' dir='ltr' id='par_1_1' title="bbox 2171 505 2313 549">
     <span class='ocr_line' id='line_1_1' title="bbox 2171 505 2313 549; baseline -0.014 0"><span class='ocrx_word' id='word_1_1' title='bbox 2171 505 2313 549; x_wconf 73' lang='lat' dir='ltr'>ml</span> 
     </span>
    </p>
   </div>
   <div class='ocr_carea' id='block_1_2' title="bbox 170 1319 2307 1751">
    <p class='ocr_par' dir='ltr' id='par_1_2' title="bbox 170 1319 2307 1415">
     <span class='ocr_line' id='line_1_2' title="bbox 170 1319 2307 1415; baseline 0.008 -32"><span class='ocrx_word' id='word_1_2' title='bbox 170 1320 239 1382; x_wconf 91' lang='grc' dir='ltr'>ΙΙ.</span> <span class='ocrx_word' id='word_1_3' title='bbox 331 1319 710 1411; x_wconf 82' lang='lat' dir='ltr'>Catalogus</span> <span class='ocrx_word' id='word_1_4' title='bbox 771 1326 1402 1413; x_wconf 82' lang='lat' dir='ltr'><strong>Hymenopterorum</strong></span> <span class='ocrx_word' id='word_1_5' title='bbox 1450 1327 2085 1415; x_wconf 81' lang='lat' dir='ltr'>Chrysidiformium,</span> <span class='ocrx_word' id='word_1_6' title='bbox 2147 1332 2307 1400; x_wconf 89' lang='lat' dir='ltr'>Col-</span> 
     </span>
    </p>

    <p class='ocr_par' dir='ltr' id='par_1_3' title="bbox 171 1433 2305 1525">
     <span class='ocr_line' id='line_1_3' title="bbox 171 1433 2305 1525; baseline 0.007 -27"><span class='ocrx_word' id='word_1_7' title='bbox 171 1433 531 1501; x_wconf 82' lang='lat' dir='ltr'>lectionum</span> <span class='ocrx_word' id='word_1_8' title='bbox 579 1437 665 1501; x_wconf 81' lang='lat' dir='ltr'>de</span> <span class='ocrx_word' id='word_1_9' title='bbox 695 1436 1062 1503; x_wconf 70' lang='lat' dir='ltr'>Sehestedtz‘</span> <span class='ocrx_word' id='word_1_10' title='bbox 1106 1447 1170 1503; x_wconf 85' lang='lat' dir='ltr'>et</span> <span class='ocrx_word' id='word_1_11' title='bbox 1210 1437 1733 1508; x_wconf 67' lang='lat' dir='ltr'><strong><em>Tb’nder-Lvmdt’</em></strong></span> <span class='ocrx_word' id='word_1_12' title='bbox 1775 1446 1806 1525; x_wconf 89' lang='lat'>(</span> <span class='ocrx_word' id='word_1_13' title='bbox 1817 1446 1885 1509; x_wconf 86' lang='lat' dir='ltr'>in</span> <span class='ocrx_word' id='word_1_14' title='bbox 1915 1445 2146 1511; x_wconf 81' lang='lat' dir='ltr'>Museo</span> <span class='ocrx_word' id='word_1_15' title='bbox 2179 1448 2305 1513; x_wconf 74' lang='lat' dir='ltr'>Re-</span> 
     </span>
    </p>

    <p class='ocr_par' dir='ltr' id='par_1_4' title="bbox 174 1549 2301 1751">
     <span class='ocr_line' id='line_1_4' title="bbox 174 1549 2301 1644; baseline 0.008 -36"><span class='ocrx_word' id='word_1_16' title='bbox 174 1549 270 1631; x_wconf 80' lang='lat' dir='ltr'>gio</span> <span class='ocrx_word' id='word_1_17' title='bbox 325 1549 698 1613; x_wconf 81' lang='lat' dir='ltr'>Havniensi</span> <span class='ocrx_word' id='word_1_18' title='bbox 755 1555 1286 1634; x_wconf 82' lang='lat' dir='ltr'>asservatorum)‚</span> <span class='ocrx_word' id='word_1_19' title='bbox 1359 1573 1480 1637; x_wconf 87' lang='lat' dir='ltr'>pro</span> <span class='ocrx_word' id='word_1_20' title='bbox 1541 1552 1843 1622; x_wconf 70' lang='lat' dir='ltr'>Fabricii</span> <span class='ocrx_word' id='word_1_21' title='bbox 1896 1557 2301 1644; x_wconf 81' lang='lat' dir='ltr'>„Systemate</span> 
     </span>
     <span class='ocr_line' id='line_1_5' title="bbox 788 1662 1697 1751; baseline 0.006 -25"><span class='ocrx_word' id='word_1_22' title='bbox 788 1662 1235 1728; x_wconf 85' lang='lat' dir='ltr'><strong>Piezatorum“</strong></span> <span class='ocrx_word' id='word_1_23' title='bbox 1281 1665 1697 1751; x_wconf 80' lang='lat' dir='ltr'><strong>Typicorum.</strong></span> 
     </span>
    </p>
   </div>
   <div class='ocr_carea' id='block_1_3' title="bbox 215 1858 1395 1934">
    <p class='ocr_par' dir='ltr' id='par_1_5' title="bbox 215 1858 1395 1934">
     <span class='ocr_line' id='line_1_6' title="bbox 215 1858 1395 1934; baseline 0.008 -24"><span class='ocrx_word' id='word_1_24' title='bbox 215 1861 255 1909; x_wconf 87' lang='lat'>1.</span> <span class='ocrx_word' id='word_1_25' title='bbox 299 1858 648 1930; x_wconf 72' lang='lat' dir='ltr'>»Diplolepz&#39;s</span> <span class='ocrx_word' id='word_1_26' title='bbox 683 1861 906 1934; x_wconf 66' lang='lat' dir='ltr'>Clu-yae</span> <span class='ocrx_word' id='word_1_27' title='bbox 952 1884 979 1915; x_wconf 82' lang='lat' dir='ltr'>e</span> <span class='ocrx_word' id='word_1_28' title='bbox 1013 1864 1171 1917; x_wconf 81' lang='lat' dir='ltr'><strong>Porto</strong></span> <span class='ocrx_word' id='word_1_29' title='bbox 1204 1866 1395 1919; x_wconf 74' lang='lat' dir='ltr'>Fax-ino</span> 
     </span>
    </p>
   </div>
   <div class='ocr_carea' id='block_1_4' title="bbox 209 1946 2193 2622">
    <p class='ocr_par' dir='ltr' id='par_1_6' title="bbox 209 1946 2193 2622">
     <span class='ocr_line' id='line_1_7' title="bbox 304 1946 2193 2025; baseline 0.006 -26"><span class='ocrx_word' id='word_1_30' title='bbox 304 1946 483 2022; x_wconf 60' lang='lat' dir='ltr'><strong><em>Vahg«</em></strong></span> <span class='ocrx_word' id='word_1_31' title='bbox 587 1988 1391 2004; x_wconf 89' lang='grc'><strong>..........</strong></span> <span class='ocrx_word' id='word_1_32' title='bbox 1429 1967 1500 1997; x_wconf 86' lang='lat'><em>=</em></span> <span class='ocrx_word' id='word_1_33' title='bbox 1537 1951 1736 2024; x_wconf 79' lang='lat' dir='ltr'>Cleptes</span> <span class='ocrx_word' id='word_1_34' title='bbox 1769 1953 1921 2019; x_wconf 68' lang='lat' dir='ltr'><strong>ignita</strong></span> <span class='ocrx_word' id='word_1_35' title='bbox 1954 1959 2076 2011; x_wconf 85' lang='lat' dir='ltr'><strong>nob.</strong></span> <span class='ocrx_word' id='word_1_36' title='bbox 2114 1954 2193 2025; x_wconf 61' lang='grc' dir='ltr'>(ἶ.</span> 
     </span>
     <span class='ocr_line' id='line_1_8' title="bbox 215 2034 1876 2108; baseline 0.005 -24"><span class='ocrx_word' id='word_1_37' title='bbox 215 2034 263 2084; x_wconf 82' lang='lat'>2.</span> <span class='ocrx_word' id='word_1_38' title='bbox 302 2034 550 2101; x_wconf 65' lang='lat' dir='ltr'>»cleptes</span> <span class='ocrx_word' id='word_1_39' title='bbox 583 2034 1039 2089; x_wconf 66' lang='lat' dir='ltr'>semiantrum«.</span> <span class='ocrx_word' id='word_1_40' title='bbox 1117 2076 1129 2090; x_wconf 90' lang='lat'><strong>.</strong></span> <span class='ocrx_word' id='word_1_41' title='bbox 1205 2078 1216 2091; x_wconf 90' lang='lat'><strong>.</strong></span> <span class='ocrx_word' id='word_1_42' title='bbox 1294 2079 1305 2090; x_wconf 92' lang='lat'><strong>.</strong></span> <span class='ocrx_word' id='word_1_43' title='bbox 1379 2077 1392 2090; x_wconf 91' lang='lat'><strong>.</strong></span> <span class='ocrx_word' id='word_1_44' title='bbox 1431 2055 1500 2083; x_wconf 88' lang='lat'>=</span> <span class='ocrx_word' id='word_1_45' title='bbox 1534 2040 1603 2091; x_wconf 81' lang='lat' dir='ltr'>id.</span> <span class='ocrx_word' id='word_1_46' title='bbox 1638 2041 1759 2093; x_wconf 87' lang='lat' dir='ltr'><strong>nob.</strong></span> <span class='ocrx_word' id='word_1_47' title='bbox 1796 2034 1876 2108; x_wconf 62' lang='grc' dir='ltr'>(ἲ.</span> 
     </span>
     <span class='ocr_line' id='line_1_9' title="bbox 226 2119 1869 2192; baseline 0.004 -23"><span class='ocrx_word' id='word_1_48' title='bbox 226 2119 272 2171; x_wconf 84' lang='grc'>3.</span> <span class='ocrx_word' id='word_1_49' title='bbox 311 2119 553 2187; x_wconf 70' lang='lat' dir='ltr'>»Cltptes</span> <span class='ocrx_word' id='word_1_50' title='bbox 585 2121 772 2192; x_wconf 75' lang='lat' dir='ltr'><strong><em>ignita</em></strong></span> <span class='ocrx_word' id='word_1_51' title='bbox 818 2141 845 2172; x_wconf 83' lang='lat' dir='ltr'><strong>e</strong></span> <span class='ocrx_word' id='word_1_52' title='bbox 883 2121 1043 2173; x_wconf 80' lang='lat' dir='ltr'>Tunis</span> <span class='ocrx_word' id='word_1_53' title='bbox 1087 2122 1253 2176; x_wconf 72' lang='lat' dir='ltr'><strong><em>Vahl«</em></strong></span> <span class='ocrx_word' id='word_1_54' title='bbox 1299 2163 1309 2173; x_wconf 88' lang='lat'><strong>.</strong></span> <span class='ocrx_word' id='word_1_55' title='bbox 1386 2163 1397 2174; x_wconf 93' lang='lat'><strong>.</strong></span> <span class='ocrx_word' id='word_1_56' title='bbox 1438 2141 1508 2167; x_wconf 92' lang='lat'>=</span> <span class='ocrx_word' id='word_1_57' title='bbox 1543 2125 1615 2176; x_wconf 80' lang='lat' dir='ltr'>id.</span> <span class='ocrx_word' id='word_1_58' title='bbox 1649 2126 1770 2176; x_wconf 86' lang='lat' dir='ltr'><strong>nob.</strong></span> <span class='ocrx_word' id='word_1_59' title='bbox 1807 2123 1869 2190; x_wconf 79' lang='grc' dir='ltr'>ῼ.</span> 
     </span>
     <span class='ocr_line' id='line_1_10' title="bbox 230 2206 2017 2276; baseline 0.005 -21"><span class='ocrx_word' id='word_1_60' title='bbox 230 2206 277 2255; x_wconf 79' lang='grc'>4.</span> <span class='ocrx_word' id='word_1_61' title='bbox 319 2206 564 2276; x_wconf 71' lang='lat' dir='ltr'>»Chrysis</span> <span class='ocrx_word' id='word_1_62' title='bbox 600 2207 909 2275; x_wconf 68' lang='lat' dir='ltr'>splendida«</span> <span class='ocrx_word' id='word_1_63' title='bbox 1021 2244 1392 2261; x_wconf 91' lang='grc'><strong>.....</strong></span> <span class='ocrx_word' id='word_1_64' title='bbox 1432 2227 1501 2254; x_wconf 91' lang='lat'>=</span> <span class='ocrx_word' id='word_1_65' title='bbox 1537 2210 1760 2262; x_wconf 77' lang='lat' dir='ltr'><strong>Stilbum</strong></span> <span class='ocrx_word' id='word_1_66' title='bbox 1792 2209 1860 2262; x_wconf 82' lang='lat' dir='ltr'>id.</span> <span class='ocrx_word' id='word_1_67' title='bbox 1897 2214 2017 2264; x_wconf 87' lang='lat' dir='ltr'><strong>nob.</strong></span> 
     </span>
     <span class='ocr_line' id='line_1_11' title="bbox 228 2290 2086 2365; baseline 0.004 -22"><span class='ocrx_word' id='word_1_68' title='bbox 228 2290 273 2341; x_wconf 83' lang='lat'>5.</span> <span class='ocrx_word' id='word_1_69' title='bbox 316 2292 566 2363; x_wconf 69' lang='lat' dir='ltr'>»Chrysis</span> <span class='ocrx_word' id='word_1_70' title='bbox 588 2293 804 2365; x_wconf 73' lang='lat' dir='ltr'>festiva</span> <span class='ocrx_word' id='word_1_71' title='bbox 841 2313 869 2346; x_wconf 81' lang='lat' dir='ltr'>e</span> <span class='ocrx_word' id='word_1_72' title='bbox 906 2293 1140 2347; x_wconf 78' lang='lat' dir='ltr'>Guinea»</span> <span class='ocrx_word' id='word_1_73' title='bbox 1202 2334 1213 2347; x_wconf 90' lang='lat'><strong>.</strong></span> <span class='ocrx_word' id='word_1_74' title='bbox 1291 2334 1302 2346; x_wconf 90' lang='lat'><strong>.</strong></span> <span class='ocrx_word' id='word_1_75' title='bbox 1377 2334 1388 2346; x_wconf 92' lang='lat'><strong>.</strong></span> <span class='ocrx_word' id='word_1_76' title='bbox 1427 2312 1499 2339; x_wconf 89' lang='lat'>=</span> <span class='ocrx_word' id='word_1_77' title='bbox 1530 2296 1829 2350; x_wconf 75' lang='lat' dir='ltr'>Euchroeus</span> <span class='ocrx_word' id='word_1_78' title='bbox 1862 2296 1930 2352; x_wconf 82' lang='lat' dir='ltr'>id.</span> <span class='ocrx_word' id='word_1_79' title='bbox 1966 2301 2086 2351; x_wconf 87' lang='lat' dir='ltr'><strong>nob.</strong></span> 
     </span>
     <span class='ocr_line' id='line_1_12' title="bbox 220 2378 2017 2449; baseline 0.005 -21"><span class='ocrx_word' id='word_1_80' title='bbox 220 2378 263 2428; x_wconf 82' lang='lat'>6.</span> <span class='ocrx_word' id='word_1_81' title='bbox 309 2378 566 2449; x_wconf 68' lang='lat' dir='ltr'>»Chrysis</span> <span class='ocrx_word' id='word_1_82' title='bbox 601 2381 778 2434; x_wconf 72' lang='lat' dir='ltr'>calens</span> <span class='ocrx_word' id='word_1_83' title='bbox 815 2400 874 2431; x_wconf 87' lang='lat' dir='ltr'>ex</span> <span class='ocrx_word' id='word_1_84' title='bbox 909 2380 1075 2432; x_wconf 76' lang='lat' dir='ltr'>Italia«</span> <span class='ocrx_word' id='word_1_85' title='bbox 1118 2419 1132 2433; x_wconf 91' lang='lat'><strong>.</strong></span> <span class='ocrx_word' id='word_1_86' title='bbox 1205 2420 1216 2431; x_wconf 94' lang='lat'><strong>.</strong></span> <span class='ocrx_word' id='word_1_87' title='bbox 1293 2421 1305 2433; x_wconf 90' lang='lat'><strong>.</strong></span> <span class='ocrx_word' id='word_1_88' title='bbox 1380 2419 1394 2433; x_wconf 91' lang='lat'><strong>.</strong></span> <span class='ocrx_word' id='word_1_89' title='bbox 1434 2399 1505 2425; x_wconf 92' lang='lat'><strong>=</strong></span> <span class='ocrx_word' id='word_1_90' title='bbox 1539 2382 1759 2435; x_wconf 78' lang='lat' dir='ltr'><strong>Stilbum</strong></span> <span class='ocrx_word' id='word_1_91' title='bbox 1792 2380 1861 2434; x_wconf 84' lang='lat' dir='ltr'>id.</span> <span class='ocrx_word' id='word_1_92' title='bbox 1896 2385 2017 2437; x_wconf 84' lang='lat' dir='ltr'><strong>nob.</strong></span> 
     </span>
     <span class='ocr_line' id='line_1_13' title="bbox 216 2465 1762 2535; baseline 0.002 -20"><span class='ocrx_word' id='word_1_93' title='bbox 216 2466 258 2514; x_wconf 84' lang='lat'>7.</span> <span class='ocrx_word' id='word_1_94' title='bbox 307 2465 564 2535; x_wconf 72' lang='lat' dir='ltr'>»Chrysio</span> <span class='ocrx_word' id='word_1_95' title='bbox 607 2466 941 2520; x_wconf 71' lang='lat' dir='ltr'>scutellaris«</span> <span class='ocrx_word' id='word_1_96' title='bbox 1031 2505 1041 2516; x_wconf 91' lang='lat'><strong>.</strong></span> <span class='ocrx_word' id='word_1_97' title='bbox 1118 2504 1130 2518; x_wconf 90' lang='lat'><strong>.</strong></span> <span class='ocrx_word' id='word_1_98' title='bbox 1207 2508 1218 2518; x_wconf 89' lang='lat'><strong>.</strong></span> <span class='ocrx_word' id='word_1_99' title='bbox 1294 2507 1305 2518; x_wconf 93' lang='lat'><strong>.</strong></span> <span class='ocrx_word' id='word_1_100' title='bbox 1381 2508 1392 2519; x_wconf 88' lang='lat'><strong>.</strong></span> <span class='ocrx_word' id='word_1_101' title='bbox 1433 2485 1503 2512; x_wconf 93' lang='lat'><strong>=</strong></span> <span class='ocrx_word' id='word_1_102' title='bbox 1537 2468 1606 2520; x_wconf 83' lang='lat' dir='ltr'>id.</span> <span class='ocrx_word' id='word_1_103' title='bbox 1641 2470 1762 2521; x_wconf 84' lang='lat' dir='ltr'><strong>nob.</strong></span> 
     </span>
     <span class='ocr_line' id='line_1_14' title="bbox 209 2550 1760 2622; baseline 0.004 -22"><span class='ocrx_word' id='word_1_104' title='bbox 209 2550 253 2600; x_wconf 91' lang='grc'>8.</span> <span class='ocrx_word' id='word_1_105' title='bbox 304 2550 543 2622; x_wconf 78' lang='lat' dir='ltr'>»Chrysis</span> <span class='ocrx_word' id='word_1_106' title='bbox 579 2553 802 2605; x_wconf 80' lang='lat' dir='ltr'><strong>oculata«</strong></span> <span class='ocrx_word' id='word_1_107' title='bbox 848 2591 858 2604; x_wconf 90' lang='lat'><strong>.</strong></span> <span class='ocrx_word' id='word_1_108' title='bbox 936 2588 951 2602; x_wconf 87' lang='lat'><strong>.</strong></span> <span class='ocrx_word' id='word_1_109' title='bbox 1024 2592 1035 2604; x_wconf 90' lang='lat'><strong>.</strong></span> <span class='ocrx_word' id='word_1_110' title='bbox 1111 2593 1123 2605; x_wconf 92' lang='lat'><strong>.</strong></span> <span class='ocrx_word' id='word_1_111' title='bbox 1198 2592 1210 2603; x_wconf 85' lang='lat'><strong>.</strong></span> <span class='ocrx_word' id='word_1_112' title='bbox 1288 2592 1298 2605; x_wconf 90' lang='lat'><strong>.</strong></span> <span class='ocrx_word' id='word_1_113' title='bbox 1375 2594 1387 2605; x_wconf 85' lang='lat'><strong>.</strong></span> <span class='ocrx_word' id='word_1_114' title='bbox 1426 2571 1495 2599; x_wconf 90' lang='lat'>=</span> <span class='ocrx_word' id='word_1_115' title='bbox 1530 2554 1599 2607; x_wconf 85' lang='lat' dir='ltr'>id.</span> <span class='ocrx_word' id='word_1_116' title='bbox 1637 2556 1760 2606; x_wconf 86' lang='lat' dir='ltr'><strong>nob.</strong></span> 
     </span>
    </p>
   </div>
   <div class='ocr_carea' id='block_1_5' title="bbox 178 2636 2083 3140">
    <p class='ocr_par' dir='ltr' id='par_1_7' title="bbox 178 2636 2083 3140">
     <span class='ocr_line' id='line_1_15' title="bbox 210 2636 1756 2706; baseline 0.003 -19"><span class='ocrx_word' id='word_1_117' title='bbox 210 2636 259 2687; x_wconf 90' lang='lat'>9.</span> <span class='ocrx_word' id='word_1_118' title='bbox 305 2636 563 2706; x_wconf 69' lang='lat' dir='ltr'>»Chrysis</span> <span class='ocrx_word' id='word_1_119' title='bbox 598 2638 766 2690; x_wconf 77' lang='lat' dir='ltr'>lusca.</span> <span class='ocrx_word' id='word_1_120' title='bbox 842 2637 1228 2692; x_wconf 72' lang='lat' dir='ltr'>Schlanbusch«</span> <span class='ocrx_word' id='word_1_121' title='bbox 1292 2678 1303 2691; x_wconf 92' lang='lat'><strong>.</strong></span> <span class='ocrx_word' id='word_1_122' title='bbox 1377 2678 1389 2689; x_wconf 86' lang='lat'><strong>.</strong></span> <span class='ocrx_word' id='word_1_123' title='bbox 1423 2658 1493 2684; x_wconf 90' lang='lat'>=</span> <span class='ocrx_word' id='word_1_124' title='bbox 1527 2640 1594 2692; x_wconf 81' lang='lat' dir='ltr'>id.</span> <span class='ocrx_word' id='word_1_125' title='bbox 1633 2641 1756 2691; x_wconf 85' lang='lat' dir='ltr'><strong>nob.</strong></span> 
     </span>
     <span class='ocr_line' id='line_1_16' title="bbox 181 2721 1761 2795; baseline 0.002 -22"><span class='ocrx_word' id='word_1_126' title='bbox 181 2721 262 2774; x_wconf 90' lang='grc'>10.</span> <span class='ocrx_word' id='word_1_127' title='bbox 308 2722 564 2791; x_wconf 68' lang='lat' dir='ltr'>»Chrysis</span> <span class='ocrx_word' id='word_1_128' title='bbox 599 2725 783 2793; x_wconf 78' lang='lat' dir='ltr'><strong><em>lyncea</em></strong></span> <span class='ocrx_word' id='word_1_129' title='bbox 820 2743 847 2775; x_wconf 86' lang='lat' dir='ltr'>e</span> <span class='ocrx_word' id='word_1_130' title='bbox 873 2724 1072 2776; x_wconf 78' lang='lat' dir='ltr'><strong>Guinea</strong></span> <span class='ocrx_word' id='word_1_131' title='bbox 1103 2725 1393 2795; x_wconf 72' lang='lat' dir='ltr'>Thonning</span> <span class='ocrx_word' id='word_1_132' title='bbox 1430 2742 1500 2769; x_wconf 91' lang='lat'>=</span> <span class='ocrx_word' id='word_1_133' title='bbox 1533 2726 1602 2777; x_wconf 83' lang='lat' dir='ltr'>id.</span> <span class='ocrx_word' id='word_1_134' title='bbox 1639 2726 1761 2777; x_wconf 86' lang='lat' dir='ltr'><strong>nob.</strong></span> 
     </span>
     <span class='ocr_line' id='line_1_17' title="bbox 179 2808 1760 2880; baseline 0.004 -23"><span class='ocrx_word' id='word_1_135' title='bbox 179 2810 259 2858; x_wconf 86' lang='lat'>11.</span> <span class='ocrx_word' id='word_1_136' title='bbox 307 2808 566 2877; x_wconf 64' lang='lat' dir='ltr'>»Chrysis</span> <span class='ocrx_word' id='word_1_137' title='bbox 589 2808 826 2880; x_wconf 62' lang='lat' dir='ltr'><strong><em>fulgida</em></strong></span> <span class='ocrx_word' id='word_1_138' title='bbox 862 2829 921 2861; x_wconf 84' lang='lat' dir='ltr'>ex</span> <span class='ocrx_word' id='word_1_139' title='bbox 956 2811 1157 2863; x_wconf 81' lang='lat' dir='ltr'>Austria</span> <span class='ocrx_word' id='word_1_140' title='bbox 1200 2851 1214 2865; x_wconf 91' lang='lat'><strong>.</strong></span> <span class='ocrx_word' id='word_1_141' title='bbox 1291 2852 1303 2863; x_wconf 85' lang='lat'><strong>.</strong></span> <span class='ocrx_word' id='word_1_142' title='bbox 1379 2848 1394 2863; x_wconf 90' lang='lat'><strong>.</strong></span> <span class='ocrx_word' id='word_1_143' title='bbox 1431 2828 1501 2854; x_wconf 89' lang='lat'>=</span> <span class='ocrx_word' id='word_1_144' title='bbox 1534 2811 1603 2863; x_wconf 80' lang='lat' dir='ltr'>id.</span> <span class='ocrx_word' id='word_1_145' title='bbox 1639 2812 1760 2863; x_wconf 87' lang='lat' dir='ltr'><strong>nob.</strong></span> 
     </span>
     <span class='ocr_line' id='line_1_18' title="bbox 178 2894 2083 2966; baseline 0.001 -21"><span class='ocrx_word' id='word_1_146' title='bbox 178 2894 260 2945; x_wconf 84' lang='grc'>12.</span> <span class='ocrx_word' id='word_1_147' title='bbox 307 2894 564 2966; x_wconf 68' lang='lat' dir='ltr'>»Chrysio</span> <span class='ocrx_word' id='word_1_148' title='bbox 594 2910 906 2964; x_wconf 76' lang='lat' dir='ltr'><strong><em>purpurea«</em></strong></span> <span class='ocrx_word' id='word_1_149' title='bbox 1019 2934 1385 2949; x_wconf 89' lang='grc'><strong>.....</strong></span> <span class='ocrx_word' id='word_1_150' title='bbox 1423 2914 1493 2941; x_wconf 91' lang='lat'>=</span> <span class='ocrx_word' id='word_1_151' title='bbox 1526 2896 1825 2949; x_wconf 81' lang='lat' dir='ltr'>Euchroeus</span> <span class='ocrx_word' id='word_1_152' title='bbox 1858 2894 1926 2947; x_wconf 81' lang='lat' dir='ltr'>id.</span> <span class='ocrx_word' id='word_1_153' title='bbox 1963 2898 2083 2948; x_wconf 85' lang='lat' dir='ltr'><strong>nob.</strong></span> 
     </span>
     <span class='ocr_line' id='line_1_19' title="bbox 180 2980 1371 3050; baseline 0.003 -21"><span class='ocrx_word' id='word_1_154' title='bbox 180 2981 262 3032; x_wconf 84' lang='lat'>13.</span> <span class='ocrx_word' id='word_1_155' title='bbox 309 2980 567 3050; x_wconf 67' lang='lat' dir='ltr'>»Chrysis</span> <span class='ocrx_word' id='word_1_156' title='bbox 602 2982 899 3049; x_wconf 73' lang='lat' dir='ltr'>caerulipes</span> <span class='ocrx_word' id='word_1_157' title='bbox 935 3002 963 3034; x_wconf 83' lang='lat' dir='ltr'>e</span> <span class='ocrx_word' id='word_1_158' title='bbox 988 2982 1149 3035; x_wconf 77' lang='lat' dir='ltr'>Tunis</span> <span class='ocrx_word' id='word_1_159' title='bbox 1184 2981 1371 3036; x_wconf 61' lang='lat' dir='ltr'>Valth«</span> 
     </span>
     <span class='ocr_line' id='line_1_20' title="bbox 295 3066 2066 3140; baseline 0.002 -23"><span class='ocrx_word' id='word_1_160' title='bbox 295 3066 490 3118; x_wconf 79' lang='lat' dir='ltr'>Forma</span> <span class='ocrx_word' id='word_1_161' title='bbox 524 3068 700 3129; x_wconf 79' lang='lat' dir='ltr'><strong>aliena,</strong></span> <span class='ocrx_word' id='word_1_162' title='bbox 732 3085 840 3122; x_wconf 77' lang='lat' dir='ltr'>non</span> <span class='ocrx_word' id='word_1_163' title='bbox 871 3068 1035 3140; x_wconf 79' lang='lat' dir='ltr'><strong>typica</strong></span> <span class='ocrx_word' id='word_1_164' title='bbox 1109 3107 1121 3119; x_wconf 92' lang='lat'><strong>.</strong></span> <span class='ocrx_word' id='word_1_165' title='bbox 1196 3107 1209 3119; x_wconf 92' lang='lat'><strong>.</strong></span> <span class='ocrx_word' id='word_1_166' title='bbox 1284 3106 1295 3118; x_wconf 91' lang='lat'><strong>.</strong></span> <span class='ocrx_word' id='word_1_167' title='bbox 1371 3108 1386 3120; x_wconf 90' lang='lat'><strong>.</strong></span> <span class='ocrx_word' id='word_1_168' title='bbox 1423 3084 1495 3110; x_wconf 90' lang='lat'>=</span> <span class='ocrx_word' id='word_1_169' title='bbox 1531 3067 1732 3140; x_wconf 75' lang='lat' dir='ltr'>Chrysis</span> <span class='ocrx_word' id='word_1_170' title='bbox 1766 3066 1913 3119; x_wconf 82' lang='lat' dir='ltr'>Vahli</span> <span class='ocrx_word' id='word_1_171' title='bbox 1945 3068 2066 3120; x_wconf 88' lang='lat' dir='ltr'><strong>nob.</strong></span> 
     </span>
    </p>
   </div>
   <div class='ocr_carea' id='block_1_6' title="bbox 177 3151 2277 3568">
    <p class='ocr_par' dir='ltr' id='par_1_8' title="bbox 177 3151 1752 3309">
     <span class='ocr_line' id='line_1_21' title="bbox 177 3151 1752 3223; baseline 0 -21"><span class='ocrx_word' id='word_1_172' title='bbox 177 3154 259 3204; x_wconf 84' lang='grc'>14.</span> <span class='ocrx_word' id='word_1_173' title='bbox 306 3151 561 3222; x_wconf 67' lang='lat' dir='ltr'>»Chrysis</span> <span class='ocrx_word' id='word_1_174' title='bbox 596 3153 814 3223; x_wconf 75' lang='lat' dir='ltr'><strong><em>ignita«</em></strong></span> <span class='ocrx_word' id='word_1_175' title='bbox 845 3190 1386 3208; x_wconf 89' lang='grc'><strong>.......</strong></span> <span class='ocrx_word' id='word_1_176' title='bbox 1424 3169 1494 3196; x_wconf 90' lang='lat'>=</span> <span class='ocrx_word' id='word_1_177' title='bbox 1528 3152 1596 3204; x_wconf 83' lang='lat' dir='ltr'>id.</span> <span class='ocrx_word' id='word_1_178' title='bbox 1631 3154 1752 3205; x_wconf 88' lang='lat' dir='ltr'><strong>nob.</strong></span> 
     </span>
     <span class='ocr_line' id='line_1_22' title="bbox 180 3237 1394 3309; baseline 0.002 -20"><span class='ocrx_word' id='word_1_179' title='bbox 180 3241 259 3291; x_wconf 85' lang='lat'>15.</span> <span class='ocrx_word' id='word_1_180' title='bbox 305 3237 560 3309; x_wconf 73' lang='lat' dir='ltr'>»Chrysis</span> <span class='ocrx_word' id='word_1_181' title='bbox 592 3239 868 3293; x_wconf 73' lang='lat' dir='ltr'>bidentum</span> <span class='ocrx_word' id='word_1_182' title='bbox 905 3259 932 3291; x_wconf 85' lang='lat' dir='ltr'>e</span> <span class='ocrx_word' id='word_1_183' title='bbox 957 3239 1154 3292; x_wconf 75' lang='lat' dir='ltr'><strong>Zawan</strong></span> <span class='ocrx_word' id='word_1_184' title='bbox 1196 3238 1394 3305; x_wconf 74' lang='lat' dir='ltr'><strong><em>Vahl«;</em></strong></span> 
     </span>
    </p>

    <p class='ocr_par' dir='ltr' id='par_1_9' title="bbox 182 3322 2277 3482">
     <span class='ocr_line' id='line_1_23' title="bbox 296 3322 2277 3398; baseline 0.001 -22"><span class='ocrx_word' id='word_1_185' title='bbox 296 3326 461 3377; x_wconf 79' lang='lat' dir='ltr'><strong>forma</strong></span> <span class='ocrx_word' id='word_1_186' title='bbox 496 3323 673 3390; x_wconf 79' lang='lat' dir='ltr'><strong>aliena,</strong></span> <span class='ocrx_word' id='word_1_187' title='bbox 710 3345 817 3377; x_wconf 88' lang='lat' dir='ltr'>non</span> <span class='ocrx_word' id='word_1_188' title='bbox 849 3324 1014 3398; x_wconf 79' lang='lat' dir='ltr'><strong>typica</strong></span> <span class='ocrx_word' id='word_1_189' title='bbox 1110 3364 1121 3375; x_wconf 93' lang='lat'><strong>.</strong></span> <span class='ocrx_word' id='word_1_190' title='bbox 1136 3337 1147 3348; x_wconf 79' lang='lat'><strong>·</strong></span> <span class='ocrx_word' id='word_1_191' title='bbox 1198 3364 1210 3376; x_wconf 91' lang='lat'><strong>.</strong></span> <span class='ocrx_word' id='word_1_192' title='bbox 1285 3365 1296 3378; x_wconf 92' lang='lat'><strong>.</strong></span> <span class='ocrx_word' id='word_1_193' title='bbox 1371 3364 1384 3376; x_wconf 93' lang='lat'><strong>.</strong></span> <span class='ocrx_word' id='word_1_194' title='bbox 1423 3342 1493 3368; x_wconf 93' lang='lat'>=</span> <span class='ocrx_word' id='word_1_195' title='bbox 1530 3323 1730 3397; x_wconf 79' lang='lat' dir='ltr'>Chrysis</span> <span class='ocrx_word' id='word_1_196' title='bbox 1766 3322 2119 3397; x_wconf 77' lang='lat' dir='ltr'>erythromelas</span> <span class='ocrx_word' id='word_1_197' title='bbox 2154 3326 2277 3377; x_wconf 84' lang='lat' dir='ltr'><strong>nob.</strong></span> 
     </span>
     <span class='ocr_line' id='line_1_24' title="bbox 182 3409 1316 3482; baseline 0.003 -21"><span class='ocrx_word' id='word_1_198' title='bbox 182 3412 263 3464; x_wconf 87' lang='lat'>16.</span> <span class='ocrx_word' id='word_1_199' title='bbox 306 3409 559 3481; x_wconf 68' lang='lat' dir='ltr'>»Chrysis</span> <span class='ocrx_word' id='word_1_200' title='bbox 596 3411 866 3482; x_wconf 76' lang='lat' dir='ltr'><strong><em>integra«.</em></strong></span> <span class='ocrx_word' id='word_1_201' title='bbox 938 3411 971 3463; x_wconf 88' lang='grc'><strong><em>2</em></strong></span> <span class='ocrx_word' id='word_1_202' title='bbox 1008 3410 1316 3479; x_wconf 77' lang='lat' dir='ltr'><strong>specimina:</strong></span> 
     </span>
    </p>

    <p class='ocr_par' dir='ltr' id='par_1_10' title="bbox 294 3493 2206 3568">
     <span class='ocr_line' id='line_1_25' title="bbox 294 3493 2206 3568; baseline -0.002 -20"><span class='ocrx_word' id='word_1_203' title='bbox 294 3516 459 3549; x_wconf 84' lang='lat' dir='ltr'><strong>unum</strong></span> <span class='ocrx_word' id='word_1_204' title='bbox 500 3516 558 3551; x_wconf 84' lang='lat' dir='ltr'>»e</span> <span class='ocrx_word' id='word_1_205' title='bbox 602 3498 821 3568; x_wconf 74' lang='lat' dir='ltr'><strong><em>Tunger</em></strong></span> <span class='ocrx_word' id='word_1_206' title='bbox 858 3495 1187 3550; x_wconf 71' lang='lat' dir='ltr'>Schomboe»</span> <span class='ocrx_word' id='word_1_207' title='bbox 1291 3536 1303 3547; x_wconf 89' lang='lat'><strong>.</strong></span> <span class='ocrx_word' id='word_1_208' title='bbox 1377 3534 1390 3547; x_wconf 89' lang='lat'><strong>.</strong></span> <span class='ocrx_word' id='word_1_209' title='bbox 1431 3512 1501 3539; x_wconf 91' lang='lat'>=</span> <span class='ocrx_word' id='word_1_210' title='bbox 1536 3493 1737 3568; x_wconf 74' lang='lat' dir='ltr'>Chrysis</span> <span class='ocrx_word' id='word_1_211' title='bbox 1773 3493 2052 3546; x_wconf 80' lang='lat' dir='ltr'>Sehestedti</span> <span class='ocrx_word' id='word_1_212' title='bbox 2085 3495 2206 3547; x_wconf 84' lang='lat' dir='ltr'><strong>nob.</strong></span> 
     </span>
    </p>
   </div>
   <div class='ocr_carea' id='block_1_7' title="bbox 180 3579 2107 3738">
    <p class='ocr_par' dir='ltr' id='par_1_11' title="bbox 180 3579 2107 3738">
     <span class='ocr_line' id='line_1_26' title="bbox 296 3579 2107 3654; baseline -0.002 -20"><span class='ocrx_word' id='word_1_213' title='bbox 296 3584 506 3634; x_wconf 78' lang='lat' dir='ltr'><strong>alterum</strong></span> <span class='ocrx_word' id='word_1_214' title='bbox 538 3601 597 3636; x_wconf 78' lang='lat' dir='ltr'>»e</span> <span class='ocrx_word' id='word_1_215' title='bbox 621 3583 794 3636; x_wconf 72' lang='grc' dir='ltr'><strong><em>Τιιπίε</em></strong></span> <span class='ocrx_word' id='word_1_216' title='bbox 818 3581 1013 3646; x_wconf 72' lang='lat' dir='ltr'>Vahl“;</span> <span class='ocrx_word' id='word_1_217' title='bbox 1047 3583 1210 3634; x_wconf 80' lang='lat' dir='ltr'>forma</span> <span class='ocrx_word' id='word_1_218' title='bbox 1226 3581 1388 3654; x_wconf 76' lang='lat' dir='ltr'><strong>typica</strong></span> <span class='ocrx_word' id='word_1_219' title='bbox 1426 3597 1495 3624; x_wconf 89' lang='lat'>=</span> <span class='ocrx_word' id='word_1_220' title='bbox 1531 3579 1732 3653; x_wconf 79' lang='lat' dir='ltr'>Chrysis</span> <span class='ocrx_word' id='word_1_221' title='bbox 1765 3579 1955 3645; x_wconf 78' lang='lat' dir='ltr'>integra</span> <span class='ocrx_word' id='word_1_222' title='bbox 1987 3582 2107 3631; x_wconf 87' lang='lat' dir='ltr'><strong>nob.</strong></span> 
     </span>
     <span class='ocr_line' id='line_1_27' title="bbox 180 3667 1392 3738; baseline 0.002 -21"><span class='ocrx_word' id='word_1_223' title='bbox 180 3668 258 3718; x_wconf 82' lang='lat'>17.</span> <span class='ocrx_word' id='word_1_224' title='bbox 303 3667 556 3738; x_wconf 67' lang='lat' dir='ltr'>»Chrysis</span> <span class='ocrx_word' id='word_1_225' title='bbox 587 3668 837 3738; x_wconf 76' lang='lat' dir='ltr'>gloriosa</span> <span class='ocrx_word' id='word_1_226' title='bbox 874 3687 903 3719; x_wconf 81' lang='lat' dir='ltr'><strong>e</strong></span> <span class='ocrx_word' id='word_1_227' title='bbox 938 3668 1137 3733; x_wconf 78' lang='lat' dir='ltr'>Tanger</span> <span class='ocrx_word' id='word_1_228' title='bbox 1171 3667 1392 3720; x_wconf 87' lang='lat' dir='ltr'>Schous-</span> 
     </span>
    </p>
   </div>
   <div class='ocr_carea' id='block_1_8' title="bbox 173 3751 2232 4081">
    <p class='ocr_par' dir='ltr' id='par_1_12' title="bbox 173 3751 2232 3997">
     <span class='ocr_line' id='line_1_28' title="bbox 294 3751 2232 3826; baseline -0.002 -21"><span class='ocrx_word' id='word_1_229' title='bbox 294 3755 454 3814; x_wconf 77' lang='lat' dir='ltr'><strong>boe«,</strong></span> <span class='ocrx_word' id='word_1_230' title='bbox 489 3757 659 3806; x_wconf 80' lang='lat' dir='ltr'><strong>forma</strong></span> <span class='ocrx_word' id='word_1_231' title='bbox 693 3753 866 3816; x_wconf 77' lang='lat' dir='ltr'>aliena,</span> <span class='ocrx_word' id='word_1_232' title='bbox 899 3773 1006 3807; x_wconf 88' lang='lat' dir='ltr'>non</span> <span class='ocrx_word' id='word_1_233' title='bbox 1040 3753 1203 3826; x_wconf 80' lang='lat' dir='ltr'><strong>typica</strong></span> <span class='ocrx_word' id='word_1_234' title='bbox 1286 3794 1297 3806; x_wconf 89' lang='lat'><strong>.</strong></span> <span class='ocrx_word' id='word_1_235' title='bbox 1422 3768 1492 3795; x_wconf 92' lang='lat'><em>=</em></span> <span class='ocrx_word' id='word_1_236' title='bbox 1529 3751 1730 3824; x_wconf 75' lang='lat' dir='ltr'>Chrysis</span> <span class='ocrx_word' id='word_1_237' title='bbox 1764 3751 2079 3805; x_wconf 81' lang='lat' dir='ltr'>Schousboei</span> <span class='ocrx_word' id='word_1_238' title='bbox 2112 3752 2232 3803; x_wconf 85' lang='lat' dir='ltr'><strong>nob.</strong></span> 
     </span>
     <span class='ocr_line' id='line_1_29' title="bbox 175 3834 2210 3913; baseline -0.001 -23"><span class='ocrx_word' id='word_1_239' title='bbox 175 3840 239 3890; x_wconf 86' lang='grc'>18</span> <span class='ocrx_word' id='word_1_240' title='bbox 299 3839 531 3913; x_wconf 79' lang='lat' dir='ltr'>»Chrysis</span> <span class='ocrx_word' id='word_1_241' title='bbox 567 3839 841 3891; x_wconf 54' lang='lat' dir='ltr'><strong>lucidulam*</strong></span> <span class='ocrx_word' id='word_1_242' title='bbox 939 3879 950 3892; x_wconf 92' lang='lat'><strong>.</strong></span> <span class='ocrx_word' id='word_1_243' title='bbox 1027 3878 1038 3890; x_wconf 89' lang='lat'><strong>.</strong></span> <span class='ocrx_word' id='word_1_244' title='bbox 1291 3876 1304 3889; x_wconf 88' lang='lat'><strong>.</strong></span> <span class='ocrx_word' id='word_1_245' title='bbox 1372 3876 1386 3888; x_wconf 85' lang='lat'><strong>.</strong></span> <span class='ocrx_word' id='word_1_246' title='bbox 1424 3854 1495 3880; x_wconf 90' lang='lat'>=</span> <span class='ocrx_word' id='word_1_247' title='bbox 1527 3836 1854 3910; x_wconf 81' lang='lat' dir='ltr'>Hedychrum</span> <span class='ocrx_word' id='word_1_248' title='bbox 1884 3836 1954 3888; x_wconf 75' lang='lat' dir='ltr'>id.</span> <span class='ocrx_word' id='word_1_249' title='bbox 1990 3839 2111 3889; x_wconf 86' lang='lat' dir='ltr'><strong>nob.</strong></span> <span class='ocrx_word' id='word_1_250' title='bbox 2149 3834 2210 3902; x_wconf 76' lang='grc' dir='ltr'>Ω.</span> 
     </span>
     <span class='ocr_line' id='line_1_30' title="bbox 173 3919 1877 3997; baseline 0.002 -23"><span class='ocrx_word' id='word_1_251' title='bbox 173 3925 252 3976; x_wconf 88' lang='lat'>19.</span> <span class='ocrx_word' id='word_1_252' title='bbox 298 3925 554 3996; x_wconf 66' lang='lat' dir='ltr'>»Chrysis</span> <span class='ocrx_word' id='word_1_253' title='bbox 580 3924 810 3997; x_wconf 73' lang='lat' dir='ltr'><strong><em>fervida</em></strong></span> <span class='ocrx_word' id='word_1_254' title='bbox 860 3944 887 3976; x_wconf 86' lang='lat' dir='ltr'>e</span> <span class='ocrx_word' id='word_1_255' title='bbox 925 3925 1125 3991; x_wconf 78' lang='lat' dir='ltr'>Tanger</span> <span class='ocrx_word' id='word_1_256' title='bbox 1161 3923 1390 3978; x_wconf 72' lang='lat' dir='ltr'>Schom-</span> <span class='ocrx_word' id='word_1_257' title='bbox 1872 3919 1877 3925; x_wconf 51' lang='lat'>⁵</span> 
     </span>
    </p>

    <p class='ocr_par' dir='ltr' id='par_1_13' title="bbox 289 4004 2220 4081">
     <span class='ocr_line' id='line_1_31' title="bbox 289 4004 2220 4081; baseline -0.004 -17"><span class='ocrx_word' id='word_1_258' title='bbox 289 4012 404 4064; x_wconf 68' lang='lat' dir='ltr'>boe«</span> <span class='ocrx_word' id='word_1_259' title='bbox 487 4047 1386 4063; x_wconf 91' lang='grc'>...........</span> <span class='ocrx_word' id='word_1_260' title='bbox 1424 4025 1494 4051; x_wconf 91' lang='lat'><strong>=</strong></span> <span class='ocrx_word' id='word_1_261' title='bbox 1528 4007 1856 4081; x_wconf 81' lang='lat' dir='ltr'>Hedychmm</span> <span class='ocrx_word' id='word_1_262' title='bbox 1890 4006 1959 4058; x_wconf 82' lang='lat' dir='ltr'>id.</span> <span class='ocrx_word' id='word_1_263' title='bbox 1997 4005 2116 4058; x_wconf 83' lang='lat' dir='ltr'><strong>nob.</strong></span> <span class='ocrx_word' id='word_1_264' title='bbox 2158 4004 2220 4073; x_wconf 76' lang='grc' dir='ltr'>Ω.</span> 
     </span>
    </p>
   </div>
   <div class='ocr_carea' id='block_1_9' title="bbox 1786 4106 1892 4173">
    <p class='ocr_par' dir='ltr' id='par_1_14' title="bbox 1786 4106 1892 4173">
     <span class='ocr_line' id='line_1_32' title="bbox 1786 4106 1892 4173; baseline 0 0"><span class='ocrx_word' id='word_1_265' title='bbox 1786 4106 1892 4173; x_wconf 75' lang='lat'>*2</span> 
     </span>
    </p>
   </div>
  </div>
 </body>
</html>
