2800 4867
539 448 631 517 9⁶
871 549 876 554 ‚
1369 408 1833 540 ἐ’ωφεαεὼα.

671 628 856 692 Hanc
901 625 1252 704 Familiam,
1296 647 1372 692 ex
1416 626 1666 692 Ordine
1709 627 2339 714 Hymenopterorum
2389 627 2663 717 Chrysi·

542 737 903 803 diformium
962 737 1298 824 speciebus
1361 738 1952 825 locupletissimam,
2021 743 2087 804 in
2151 739 2340 827 plura
2399 741 2665 808 Genera
2782 732 2783 737 ἵ

543 849 807 916 divisam
850 849 1090 916 babere
1132 850 1483 916 voluerunt
1526 851 1957 937 Systematici‚
2004 854 2189 939 cujus
2232 857 2327 919 rei
2373 854 2664 940 exempla

542 971 697 1028 sunt
734 961 1094 1052 Chr-ysara,
1133 961 1445 1051 Cymura,
1485 962 1780 1053 Chry-ria,
1804 964 2236 1052 Platycoelu’a,
2264 966 2665 1054 Pyr-osona,

542 1074 1072 1156 Poeciloechroa,
1129 1075 1366 1164 Pyria,
1410 1071 1852 1162 Nemophora‚
1898 1075 2305 1162 Spinthan'a,
2351 1077 2664 1162 Stilbum,

540 1197 606 1252 et
649 1187 938 1252 forsitan¹
963 1185 1170 1251 adhuc
1215 1186 1419 1273 plura.
1496 1186 1625 1252 Sed
1657 1197 2024 1266 caractereS,
2069 1209 2189 1275 pro
2230 1188 2356 1254 illis
2403 1213 2663 1256 enume-

536 1302 688 1364 ratis
720 1297 1086 1366 Generibus
1116 1296 1472 1364 condendis
1506 1309 1570 1364 et
1597 1299 2010 1380 stabiliendis,
2054 1304 2374 1387 propositi
2415 1301 2459 1367 1.
2490 1303 2659 1369 adeo

537 1409 907 1477 absconditi
963 1409 1247 1489 fuerunt,
1306 1408 1348 1474 l.
1393 1432 1513 1497 per
1568 1411 1803 1477 formas
1860 1415 2133 1498 partium
2179 1389 2511 1479 lufxuriose
2555 1438 2660 1479 va-

537 1521 795 1588 riabiles
854 1520 1021 1588 adeo
1079 1521 1483 1586 confluentes
1541 1534 1653 1587 aut
1712 1533 2192 1602 evanescentes,
2261 1534 2335 1590 ut
2395 1525 2658 1592 Genera

538 1634 853 1722 ejusmodi
894 1632 1323 1699 fundamentis
1370 1636 1554 1697 enixa
1597 1637 1815 1719 potius
1860 1634 1940 1699 ad
1987 1634 2436 1701 confusionem
2469 1660 2658 1723 quam

539 1743 620 1809 ad
680 1744 1164 1832 explicationem
1211 1745 1583 1830 Systematis
1643 1744 1897 1810 ducant.
1985 1747 2184 1834 Igitur
2231 1751 2527 1833 quaestio
2574 1749 2656 1815 de

535 1859 723 1942 copia
759 1856 1085 1924 Generum
1130 1857 1322 1944 hujus
1366 1856 1641 1922 familiae
1687 1860 1950 1923 omnino
1996 1858 2152 1924 nihil
2197 1858 2418 1924 valere
2462 1858 2655 1927 nobis

533 1966 807 2033 videtur.
921 1969 1007 2033 Et
1061 1990 1133 2033 re
1190 1990 1343 2032 vera
1398 1968 1840 2034 tantummodo
1898 1968 2032 2036 duo
2091 1969 2133 2036 l.
2179 1970 2264 2035 ad
2319 1975 2654 2038 maximum

530 2080 656 2144 tria·
710 2079 968 2145 Genera
1026 2081 1093 2144 in
1148 2079 1269 2144 bac
1326 2079 1564 2144 familia
1634 2080 1914 2146 ostendit
1983 2085 2124 2170 ipsa
2192 2092 2450 2163 natura,
2520 2084 2652 2150 scil.

536 2188 927 2280 Chrysidem
983 2192 1184 2271 Latr.,
1243 2190 1670 2279 Spintharem
1726 2193 1831 2258 Kl.
1888 2197 2126 2275 (sensu
2183 2198 2534 2280 strictiori)
2595 2209 2656 2263 et

531 2300 810 2369 Stilbum
827 2305 1022 2383 ,Latn
