2800 4867
369 462 618 527 Famil.
657 459 1117 550 Gbyoidirlae.
1169 459 1483 549 Chrysise
1528 460 1837 527 Phalanx
1878 460 1948 528 V
1938 463 1996 527 I.
2164 464 2293 531 199

165 651 374 721 vatur,
418 651 518 705 sat
561 659 942 714 eonvexnm;
987 635 1314 723 sculptura
1358 635 1401 701 l.
1432 646 1750 723 punctura
1785 642 2093 724 segmenti
2123 641 2157 705 l
2175 643 2288 705 :mi

167 774 384 839 aeque
452 772 663 817 crassa
730 771 807 814 ae
874 748 1122 815 dorsuli
1175 758 1240 813 at
1303 751 1514 813 minus
1581 747 1897 828 conferta,
1972 760 2288 836 punctura

164 866 580 951 sequentium
641 871 1110 948 segmentorum
1176 862 1382 924 minus
1456 881 1665 925 crassa
1720 882 1911 947 quam
1977 867 2285 951 segmenti

170 979 206 1042 1
227 977 346 1040 :mi
416 972 532 1039 sed
591 971 887 1039 nonnihil
948 970 1263 1049 crebrior;
1344 982 1733 1058 segmentum
1788 974 2028 1039 32tium
2081 985 2285 1042 totum

164 1086 484 1173 depresso
510 1125 538 1137 -
560 1105 945 1162 convexum,
1025 1104 1148 1148 nec
1212 1085 1546 1169 vestigium
1618 1082 1875 1170 quidem
1941 1088 2132 1153 seriei
2209 1088 2284 1154 il-

161 1198 292 1263 lius
366 1195 775 1284 anteapicalis
829 1195 1242 1282 plurimarum
1316 1197 1671 1281 ‚specierum
1741 1196 2043 1263 normalis
2104 1221 2286 1286 prae-

160 1309 360 1378 bens:
417 1309 646 1385 dentes
702 1305 981 1394 apicales
1038 1309 1079 1372 4
1123 1304 1355 1374 breves
1400 1310 1569 1372 acuti
1610 1307 1933 1394 spinoidei
1975 1308 2281 1377 distantes

160 1411 645 1508 emarginaturis
685 1421 998 1506 spatiosiS,
1041 1416 1416 1483 intermedia
1458 1417 1842 1506 triangulari,
1886 1431 2155 1508 utraque
2195 1422 2283 1489 la-

154 1533 349 1598 terali
393 1541 680 1609 arcuata,
735 1550 954 1616 margo
1014 1527 1292 1595 lateralis
1337 1532 1505 1595 inter
1546 1529 1801 1598 dentem
1846 1543 2174 1600 externum
2217 1548 2283 1602 et

151 1644 348 1710 basin
401 1664 541 1707 non
596 1651 808 1707 rectus
866 1638 982 1705 sed
1028 1661 1164 1705 non
1206 1632 1365 1706 nibil
1409 1640 1752 1707 flexuosus.
1840 1645 2094 1709 Venter
2133 1649 2282 1711 viri-

154 1754 543 1840 di-eyaneus
586 1762 698 1818 aut
728 1755 867 1817 vice
897 1773 1100 1832 versa,
1141 1755 1511 1839 praesertim
1542 1753 1624 1818 ad
1653 1758 1967 1843 margines
1997 1778 2281 1845 segmen-

152 1878 375 1934 torum
420 1866 624 1931 dense
668 1863 1338 1951 cinereo-pubescens.

285 2098 496 2162 Divis.
527 2098 591 2163 2.
672 2094 1048 2161 Abdominis
1092 2105 1487 2181 segmentum
1531 2093 1791 2161 dorsale
1831 2097 2076 2162 32tium
2115 2103 2282 2165 serie

663 2206 1066 2273 foveolarum
1124 2205 1168 2292 l=
1211 2217 1599 2292 punctorum
1651 2207 2080 2295 ante-apieali
2121 2231 2283 2275 sem-

662 2340 782 2405 per
825 2322 1218 2384 instructum.

376 2452 700 2520 Subdivis.
739 2457 793 2519 1.
877 2453 1136 2539 Corpus
1182 2454 2093 2540 purpurascenti-violaceum,
2138 2478 2277 2521 ver-

878 2575 981 2630 tex
1027 2576 1092 2630 et
1132 2563 1468 2630 dorsulum
1514 2576 1747 2630 aurata.

552 2788 688 2850 107.
770 2785 1074 2867 Chrysis
1115 2788 1568 2869 episcopalis
1605 2777 1776 2869 Spin.
1820 2787 1885 2857 Ω.

290 2923 684 3012 Submagna
748 2925 1017 2991 robusta
1087 2926 1395 3012 elongata
1454 2927 1528 3011 24
1574 2927 1689 2990 lin.
1748 2926 2041 2991 decimal.
2099 2927 2275 3013 long.

151 3038 513 3125 confertim
557 3037 806 3103 modice
841 3047 1161 3123 punctam
1203 3038 1417 3102 nitida
1455 3038 2279 3123 purpurascenti-violacea

130 3152 382 3238 fronte
425 3151 817 3239 doraeuloque
860 3151 1398 3235 cupreo-auratis,
1445 3150 1616 3212 serie
1660 3146 2058 3231 anteapicali
2094 3148 2278 3212 obso-

149 3264 288 3328 leta
307 3263 612 3349 soveolis
656 3262 988 3327 nonnullis
1031 3263 1061 3341 (
1073 3263 1228 3326 cire.
1262 3262 1347 3342 9)
1393 3257 1896 3346 irregularibus,
1952 3258 2082 3322 alie
2124 3258 2279 3348 hya·

147 3376 312 3441 linis
358 3374 545 3439 disco
570 3373 1158 3461 fumeo-sordidis,
1203 3374 1386 3437 venis
1419 3373 1651 3457 piceis.

258 3522 494 3593 Chrysis
525 3521 849 3591 episcopalis
886 3520 1032 3590 Spin.
1072 3522 1254 3574 Annal.
1292 3520 1552 3573 Entomol.
1592 3517 1745 3574 1838.
1782 3516 1976 3573 44934.

286 3648 575 3714 Habitat
626 3651 695 3713 in
738 3649 1059 3735 Aegypto,
1115 3669 1152 3711 a
1196 3647 1282 3713 D.
1318 3647 1602 3713 Fischer
1643 3644 1923 3720 detecta;
1977 3642 2148 3708 Mus.
2193 3639 2277 3706 de

268 3763 284 3780 ⁸
333 3760 467 3824 ola.
1760 3795 1763 3800 .

146 3760 352 3936 'sing
369 3869 630 3935 bserv.
720 3867 1070 3934 individuis
1128 3868 1481 3954 majoribus
1549 3867 1899 3955 Chrysidis
1953 3862 2277 3928 nitidulae

148 3981 379 4071 quoad
424 3980 710 4046 habitum
750 3979 1061 4046 assimilis.
1153 3978 1416 4065 Corpus
1460 4000 1678 4065 sparse
1723 3973 2274 4066 griseo-pilosum.

1722 4091 1808 4156 14
1831 4089 1875 4134 *
