2800 4867
932 481 993 543 6.
1084 477 1523 567 Harl-ydrum}
2197 485 2282 550 87

149 663 496 740 metato,
538 662 874 721 nemeto
904 655 1120 742 polito
1154 677 1365 744 pan-e
1382 656 1793 743 punctulum,
1839 658 1970 723 aaz
1996 657 2283 746 hyalino

154 768 351 852 apice
393 767 632 833 leviter
672 767 986 849 eordidis,
1028 769 1265 835 callida
1305 768 1559 834 radioli
1599 769 1944 856 ὑιοοηιρὶσι
1944 793 2009 835 α.

227 915 458 986 Chrysis
494 917 719 986 integra
754 915 932 968 lem.
968 917 1031 969 Ε.
1070 917 1137 969 Η.
1171 916 1260 970 35.
1295 917 1383 970 20.
1422 939 1520 971 var.
1559 935 1605 972 c.

225 1017 575 1089 Hedyehrum
621 1033 876 1086 cupreum
921 1018 1099 1072 lem.
1144 1018 1348 1090 Dispos.
1385 1019 1438 1073 3.
1476 1020 1536 1086 43
1581 1020 1720 1091 quod
1763 1038 1949 1072 nomen
1997 1019 2170 1092 rejeci,
2217 1044 2281 1076 nc

332 1118 545 1175 propter
579 1103 1044 1161 denominationem
1080 1121 1439 1160 consonantem
1484 1107 1606 1161 haec
1639 1105 1826 1178 species
1856 1126 1972 1160 cum
1996 1107 2279 1181 Hedyclsro

333 1199 566 1259 cupi-aco
603 1191 952 1257 confundetur.

285 1327 571 1395 Habitat
613 1331 681 1393 in
724 1330 1029 1418 Europae
1074 1330 1355 1398 borealis
1414 1330 1577 1396 locis
1635 1330 2094 1418 campestribus
2141 1355 2278 1399 are-

149 1443 334 1504 nosis
377 1439 506 1507 soli
551 1444 762 1507 urenti
808 1445 1126 1529 expositis,
1170 1466 1206 1508 a
1236 1423 1452 1508 medio
1480 1445 1528 1507 J
1529 1442 1639 1507 ulii
1667 1443 1751 1508 ad
1781 1442 1974 1509 finem
2007 1446 2276 1532 Augusti

151 1554 410 1636 passim.
483 1552 562 1617 In
591 1553 838 1633 Scania,
874 1554 1309 1642 ostrogothia,
1340 1553 1733 1634 Gottlandia,
1765 1555 2107 1643 Helsingia,
2152 1577 2275 1622 nec

154 1684 293 1729 non
336 1667 406 1729 in
450 1665 607 1751 jugo
652 1665 872 1752 alpino
902 1667 1319 1754 ‘Norwegiae
1377 1686 1584 1754 prope
1630 1669 1843 1732 sinum
1897 1668 2275 1756 Lewanger-

156 1775 328 1862 {jord
370 1775 526 1841 mihi
567 1774 783 1842 obvia}
875 1775 976 1843 Ad
1022 1775 1355 1866 Uleaborg
1396 1777 1773 1845 Finlandiae
1817 1801 1854 1843 a
1897 1779 1982 1845 D.
2016 1777 2272 1870 Hylan-

158 1888 276 1953 der
314 1887 503 1953 lecta.
1125 1974 1132 1980 ἱ
1570 1914 1573 1917 ’

290 1997 631 2065 Observ.
714 2001 989 2068 Maxime
1033 2002 1231 2068 affine
1261 2002 1617 2091 Hedycliro
1658 2004 1945 2082 πέπαυτο,-
1988 2013 2053 2068 at
2096 2014 2268 2069 certe

170 2109 576 2197 dignoscitur:
621 2123 908 2201 pronoto
955 2117 1253 2179 coriaceo
1299 2135 1519 2200 sparse
1562 2124 1872 2201 punctato
1917 2116 2096 2196 (nou
2123 2117 2271 2178 reti-

172 2222 454 2304 culato),
507 2235 843 2293 mesonoto
897 2225 1106 2312 polito
1164 2246 1360 2312 parce
1415 2236 1479 2291 et
1527 2225 1957 2313 irregulariter
1996 2234 2272 2311 punctu-

165 2334 322 2414 lato‚
379 2333 721 2400 abdomine
774 2358 1019 2424 cupreo
1065 2348 1129 2405 et
1173 2335 1375 2403 multo
1420 2337 1717 2405 subtilius
1761 2376 1848 2388 —
1892 2340 2115 2403 immo!
2159 2339 2271 2402 mi-

159 2451 527 2535 croscopice
573 2451 681 2529 (at
724 2462 883 2513 non·
904 2449 1411 2532 confertissime)
1455 2449 1854 2537 punctulato.

277 2559 549 2646 Corpus
579 2580 801 2646 sparse
846 2570 910 2625 et
954 2560 1147 2648 longe
1180 2580 1343 2626 cano
1375 2561 1670 2648 pilosum.
1747 2559 1965 2646 Caput
1997 2559 2268 2625 nitidum

148 2674 600 2736 aeneo-virens
642 2671 897 2737 modice
940 2672 1415 2759 punctulatum;
1465 2684 1684 2739 vertex
1727 2691 2267 2759 cupreo-aeneus;

146 2793 474 2848 stemmata
505 2803 732 2871 magna
760 2787 824 2849 in
855 2784 1236 2871 triangulum
1266 2784 1780 2872 aequilateralem
1802 2786 2265 2872 approximata;

144 2894 320 2959 oculi
364 2894 757 2970 mediocres;
814 2894 995 2960 frons
1050 2897 1746 2984 punctato-rugulosa;
1802 2896 1996 2962 facies
2039 2894 2264 2961 viridi-

141 3028 543 3093 cyanescens
588 3005 1014 3093 planiuscula,
1057 3006 1375 3072 subtiliter
1421 3018 1484 3073 et
1528 3008 1862 3073 confertim
1906 3018 2264 3072 transverse

137 3121 434 3206 strigosa.
502 3119 842 3184 Antennae
871 3115 1225 3184 mediocres
1258 3118 1493 3198 fuscae,
1522 3141 1746 3206 scapus
1777 3139 2033 3183 aeneus.
2103 3117 2262 3204 Cly-

138 3253 305 3319 peus
352 3229 596 3297 nitidus
640 3229 889 3309 viridis,
947 3233 1127 3316 apice
1170 3241 1521 3297 truncatus.
1607 3227 2024 3295 Mandibulae
2067 3227 2265 3293 robu-

138 3355 279 3409 stae
322 3345 989 3422 virescenti·aeneae,
1043 3353 1224 3429 parte
1283 3341 1512 3430 apicali
1565 3341 1693 3408 late
1749 3340 1901 3406 rufo
1920 3379 1948 3392 ·-
1969 3349 2261 3406 testacea.

135 3455 324 3542 Palpi
369 3453 900 3520 brunnescentes.
988 3455 1345 3521 Pronotum
1398 3454 2109 3542 depresso-convexum
2152 3474 2263 3540 pa-

136 3590 282 3632 rum
313 3565 591 3633 nitidum
618 3565 1428 3654 punctulato-coriaceum,
1469 3564 1689 3645 viride,
1729 3565 1909 3632 disco
1940 3566 1982 3630 1.
2013 3569 2261 3653 postice

133 3678 283 3767 plus
330 3682 546 3743 minus
606 3700 983 3758 aenescens,
1036 3678 1345 3746 lateribus
1393 3690 1456 3746 et
1498 3689 1678 3766 parte
1722 3682 1966 3765 postica
2008 3681 2261 3766 punctis

132 3791 509 3878 majusculis
542 3789 903 3857 rotundatis
936 3790 1284 3877 adspersis;
1330 3794 1538 3856 antice
1578 3802 1727 3856 ante
1762 3793 2104 3876 marginem
2130 3788 2259 3853 sul-

132 3903 282 3970 culo
328 3914 708 3970 transverso
756 3902 1165 3980 obsoletiori3
1211 3907 1278 3968 in
1323 3912 1547 3967 centro
1589 3905 1883 3989 marginis
1927 3901 2118 3964 antici
2162 3898 2260 3963 fo-

131 4017 316 4084 veola
383 4013 691 4083 obsoleta
749 4014 1111 4081 rotundata.
1215 4014 1631 4099 Mesonotum
1686 4014 1954 4099 politum
2008 4014 2259 4097 punctis
