2800 4867
387 454 634 519 Fann'l.
663 452 1125 542 Chrysididae.
1180 451 1492 541 Chrysis.-
1535 452 1848 520 Phalunx
1886 453 1954 517 V
1946 454 2004 518 1.
2139 454 2268 519 237

154 631 418 698 Cavitas
483 629 724 695 facialis
766 627 1213 715 subprofunda
1259 629 1592 694 confertim
1638 628 2016 714 punctulato
2034 630 2275 693 -coria-

152 762 297 821 cea,
368 740 584 806 medio
652 740 1094 819 canaliculata,
1154 761 1431 826 superne
1477 744 1844 826 marginata:
1919 738 2271 825 marginulo

152 862 528 918 transverso
584 853 930 938 inaequali,
1007 855 1307 938 utrinque
1373 850 1683 916 ramulum
1749 850 2274 938 longitudinalem

156 962 496 1049 obliquum
540 964 916 1050 perbrevem
957 963 1344 1029 demittente.
1413 964 1748 1028 Antennae
1776 962 2007 1028 breves
2040 962 2276 1039 fuscae,

154 1078 444 1162 crassitie
491 1073 861 1154 mediocres,
907 1075 1141 1154 fuscae,
1185 1074 1325 1140 basi
1371 1073 1887 1162 viridi-cyaneae.
1979 1073 2274 1160 Clypeus

152 1185 500 1251 mediocris
545 1197 943 1253 transversus
980 1191 1343 1273 trapezinus
1373 1208 1565 1273 parce
1596 1196 1936 1272 punctatus
1967 1185 2275 1271 depresso

154 1297 534 1383 subplanuS,
566 1298 745 1364 disco
777 1298 1071 1364 nonnihil
1102 1320 1442 1377 convexus,
1472 1300 1750 1383 margine
1780 1297 2006 1384 apicali
2028 1318 2275 1361 summo

155 1412 345 1495 piceo
391 1419 707 1475 truncato.
782 1410 1202 1475 Mandibulae
1246 1414 1484 1497 piceae,
1529 1408 1778 1473 macula
1822 1407 2027 1472 basali
2070 1407 2276 1473 viridi.

155 1521 464 1586 Maxillae
509 1532 576 1585 et
617 1520 794 1608 palpi
838 1521 881 1586 l.
913 1522 1099 1589 fusco
1145 1523 1188 1588 l.
1220 1523 1385 1588 laete
1431 1522 1951 1587 brunnescentes.
2022 1521 2280 1584 Thorax

155 1632 638 1719 rectangularis,
696 1633 895 1699 dorso
942 1633 1655 1720 depresso-convexus3
1731 1631 1976 1697 dorsuli
2002 1642 2278 1708 ⁸suturae

158 1744 496 1810 medianae
556 1744 874 1810 lenissime
919 1768 1180 1822 curvae,
1239 1745 1638 1820 crenulatae3
1690 1747 2018 1809 'metanoti
2063 1741 2280 1829 anguli

159 1855 763 1943 postico-laterales
818 1855 1174 1923 mediocres
1233 1855 2036 1942 depresso-planiusculae
2081 1858 2282 1920 coria-

161 1989 333 2047 ceae,
378 1989 518 2032 non
563 1968 977 2055 triangulares
1025 1979 1090 2032 at
1131 1989 1354 2033 versus
1399 1966 1718 2033 abdomen
1765 1989 1998 2032 curvae
2043 1977 2106 2032 et
2132 1968 2282 2031 hinc

169 2084 355 2177 quasi
399 2071 541 2174 >Q
576 2091 1122 2156 mucroniformes.
1183 2090 1480 2155 Sternum
1527 2100 1592 2154 et
1633 2088 1832 2176 pedes
1875 2088 2284 2174 punctulato-

168 2204 468 2268 coriacei‘
502 2202 687 2268 nitidi
738 2189 1235 2289 viridi-cyanei,
1302 2204 1484 2266 tarsis
1541 2201 1871 2266 brunneis,
1958 2200 2116 2265 Alae
2174 2210 2283 2264 aut

174 2313 596 2401 subhyalinae
652 2325 765 2380 aut
807 2313 1069 2380 sordide
1115 2313 1442 2400 hyalinae,
1499 2315 1680 2377 venis
1734 2312 2025 2377 firmibus
2068 2315 2283 2398 piceiS‚

169 2426 408 2491 cellula
436 2426 660 2492 radiali
684 2427 1150 2514 triangulariter
1172 2425 1528 2490 lanceolata
1552 2426 1733 2509 apice
1759 2435 2024 2511 anguste
2045 2436 2283 2511 aperta.

172 2537 518 2604 Abdomen
575 2538 923 2625 ellipticum
985 2547 1096 2602 aut
1151 2541 1364 2624 potius
1425 2534 1656 2602 obtuse
1712 2535 2286 2622 subrectangulum,

169 2650 575 2737 longitudine
620 2653 841 2735 capitis
887 2649 1294 2736 thoracisque
1340 2648 1528 2713 simul
1571 2658 1940 2728 sumturum,
1998 2652 2102 2713 vix
2145 2647 2288 2711 lon—

170 2767 328 2849 giuS,
374 2761 711 2827 latitudine
755 2761 1049 2841 thoracis,
1096 2761 1294 2826 dorso
1340 2760 1594 2825 modice
1639 2763 1995 2825 convexum
2043 2770 2105 2825 et
2135 2779 2289 2823 cou-

170 2876 512 2939 fertissime
568 2872 820 2937 modice
878 2882 1275 2959 punctatum,
1329 2876 1396 2937 in
1445 2872 1665 2938 colore
1711 2894 1962 2959 cyaneo
2008 2870 2290 2956 subopa-

173 3009 317 3051 cum
378 2988 447 3051 in
507 2984 729 3051 colore
786 2982 973 3048 viridi
1028 2983 1071 3047 l.
1120 3005 1317 3049 aureo
1373 2982 1670 3060 nitidum3
1744 2985 1939 3048 fascia
1983 2985 2289 3069 segmenti

172 3102 377 3164 rarius
441 3107 616 3162 recte
662 3106 726 3161 et
769 3094 1121 3181 aequaliter
1163 3105 1548 3159 transversa:
1617 3117 1751 3180 quo
1795 3098 1861 3158 in
1908 3116 2059 3158 casu
2103 3097 2295 3158 maxi-

174 3233 338 3275 mam
384 3213 693 3297 segmenti
735 3219 978 3294 partem
1025 3206 1297 3292 obtegit,
1340 3205 1667 3294 plerisque
1712 3215 1918 3269 autem
1955 3203 2291 3269 mediocris

178 3332 242 3388 et
299 3325 511 3387 antice
569 3324 867 3406 utrinque
928 3320 1052 3383 late
1109 3316 1561 3405 profundeque
1605 3318 2293 3402 arcuato-emarginata

179 3434 489 3521 angulum
549 3432 906 3497 medianum
966 3439 1212 3494 acutum
1272 3429 1632 3516 elongatum
1690 3451 1939 3493 sursum
1988 3432 2294 3506 emittenS,

185 3556 390 3633 atque
427 3555 587 3611 tunc
630 3548 881 3630 pictura
925 3546 1228 3628 segmenti
1274 3564 1309 3605 a
1342 3539 1595 3606 duabus
1625 3539 1833 3606 fasciis
1862 3563 1934 3606 re
1964 3563 2112 3605 vera
2146 3545 2296 3603 con'-

180 3660 491 3735 stituitur‚
549 3655 684 3721 scil.
732 3658 955 3720 antica
999 3664 1275 3720 saturate
1320 3674 1564 3740 cyanea
1607 3652 1987 3739 remformi,
2033 3653 2297 3737 postica

182 3781 291 3836 aut
316 3768 735 3835 viridi-aurea
766 3776 878 3832 aut
907 3765 1346 3844 rubro-aurea,
1379 3768 1588 3829 antice
1618 3764 2298 3828 bia-arcuato-emar-

176 3886 421 3968 giunta
467 3879 705 3967 angulo
751 3876 1018 3944 centu-ali
1062 3880 1427 3942 acutissimo
1473 3896 1717 3939 sursum
1765 3875 1993 3951 ducto;
2051 3876 2296 3960 pictura

181 3994 503 4082 segmenti·
537 3994 693 4057 32tii
739 3988 1004 4056 eandem
1052 4009 1315 4076 quoque
1359 3988 1625 4053 formam
1671 3985 1986 4052 interdum
2017 3983 2300 4072 praebet,
