2800 4867
476 479 524 519 x
1353 458 1729 546 Praefatio.

622 630 758 707 Iam
820 660 992 707 anno
1046 635 1239 709 1846
1298 638 1401 710 vir
1451 638 1857 712 clarissimus
1906 639 2081 712 liber
2128 634 2306 716 Baro
2354 640 2589 714 Mami-

472 748 797 822 melianus
830 749 1148 845 Spfflola,
1197 751 1444 825 nobilis
1480 749 1874 840 GenuensiS,
1922 751 2392 827 humanissime
2426 755 2587 828 mihi

471 866 808 960 permisit,
877 876 953 936 ut
1012 864 1603 964 locupletissimam
1665 892 1852 939 suam
1903 864 2381 968 Chrysidarum
2443 870 2586 941 col-

472 976 835 1052 lectionem
896 1004 1164 1051 mecum
1229 992 1632 1079 asportatam
1695 1007 1914 1081 usque
1975 981 2061 1053 ad
2123 1008 2296 1080 opus
2354 1008 2583 1056 meum

474 1092 902 1190 completum
934 1092 1112 1190 apud
1160 1120 1271 1167 me
1323 1120 1682 1168 servarem.

625 1217 880 1294 Eadem
942 1222 1337 1298 liberalitate
1399 1229 1500 1297 vir
1561 1225 1966 1297 clarissimus
2027 1224 2080 1297 I.
2142 1225 2246 1302 W.
2299 1225 2578 1298 Zetter-

468 1335 681 1426 stedt,
743 1334 1092 1431 professor
1139 1333 1547 1427 Lundensis,
1609 1339 2115 1436 lapponicorum
2165 1340 2577 1412 insectorum

467 1446 976 1524 collectionibus
1036 1452 1174 1523 suis
1222 1464 1299 1524 ut
1344 1465 1573 1525 uterer
1621 1452 1781 1524 mihi
1831 1455 2198 1541 concessit,
2257 1465 2577 1551 paterno-

466 1584 599 1658 que
650 1588 774 1634 suo
825 1564 1105 1636 consilio
1156 1566 1373 1638 studia
1422 1592 1573 1639 mea
1619 1569 1975 1664 promovit.

607 1690 733 1765 His
791 1695 1153 1768 instructus
1202 1697 1459 1767 auxiliis
1506 1698 1779 1769 ineunte
1829 1722 2001 1767 anno
2054 1695 2248 1768 1848
2297 1693 2574 1795 Chrysi-
2663 1761 2668 1764 ,

463 1802 696 1878 darum
745 1809 1292 1908 monographiam
1342 1810 1643 1884 scribere
1691 1811 1990 1908 incoepi,
2055 1835 2190 1908 quo
2239 1809 2307 1879 in
2358 1835 2572 1906 opere

456 1919 892 2016 perficiendo,
956 1925 1040 1997 ab
1094 1923 1291 1997 officii
1340 1926 1476 1997 mei
1526 1925 1703 1997 curis
1754 1923 2084 2010 detentuS,
2146 1924 2378 2020 paucis
2428 1934 2574 1994 tan-

459 2043 599 2105 tum
647 2033 830 2108 horis
881 2038 1256 2112 subsecivis
1306 2038 1637 2127 adhibitis,
1688 2039 2027 2110 biennium
2060 2039 2482 2134 consumpsi.

600 2177 755 2253 Hoc
805 2182 991 2283 quod
1037 2211 1216 2257 nunc
1264 2182 1493 2282 prodit
1543 2181 1842 2255 secundo
1893 2180 2229 2254 volumine
2276 2181 2568 2255 eundem

458 2322 654 2394 quam
704 2300 770 2370 in
820 2299 1047 2396 priore
1099 2297 1423 2386 ordinem,
1473 2324 1511 2369 a
1546 2297 1887 2394 plerisque
1925 2294 2369 2392 entomologis
2403 2321 2571 2392 pro-

456 2409 717 2497 batum,
777 2424 1049 2485 secutus
1100 2439 1266 2485 sum.
1370 2409 1556 2489 Quae
1608 2410 1766 2481 mihi
1815 2411 2242 2480 innotuerunt
2293 2407 2569 2507 Chrysi-

454 2521 685 2595 darum
749 2526 897 2598 213
960 2527 1258 2624 specieS,
1328 2552 1444 2598 eas
1507 2524 1601 2595 12
1647 2523 2012 2620 generibus
2076 2534 2145 2593 et
2205 2522 2252 2592 6
2301 2520 2566 2594 familiis

453 2634 797 2711 distinctas
847 2639 1192 2739 descripsi.

598 2772 889 2852 Quarum
925 2776 1312 2849 familiarum
1345 2778 1535 2872 signa
1572 2774 1987 2872 diagnostica
2021 2773 2162 2848 fere
2182 2774 2352 2846 haec
2373 2786 2558 2847 sunt:

448 2888 752 2962 maxillae
799 2888 1171 2980 inferiores,
1219 2891 1469 2964 labium
1516 2888 1791 2962 inferius
1842 2900 1912 2960 et
1959 2888 2202 2985 lingua,
2252 2900 2366 2988 aut
2401 2888 2559 2962 bre-

447 3004 632 3075 viora
700 3015 770 3076 et
825 3005 1042 3076 minus
1100 3006 1566 3103 procurrentia
1627 3014 1739 3075 aut
1802 3002 2110 3099 elongata
2176 3013 2245 3074 et
2303 3004 2558 3099 promi-

445 3117 699 3204 nentia;
775 3129 1013 3191 venter
1073 3143 1419 3193 convexus
1479 3130 1592 3190 aut
1639 3142 2006 3204 concavus3
2068 3142 2302 3213 margo
2351 3115 2560 3197 unalis

446 3231 561 3329 qui
620 3232 688 3302 in
748 3231 981 3305 ultimo
1043 3233 1420 3307 abdominis
1467 3242 1823 3329 segmento
1873 3228 2154 3302 dorsalis
2204 3232 2558 3328 reperitur,

443 3355 556 3416 aut
616 3343 925 3418 dentatus
987 3358 1100 3419 aut
1159 3373 1294 3418 non
1356 3346 1665 3418 dentatus
1727 3357 1841 3417 aut
1900 3354 2221 3431 serratus3
2301 3343 2557 3443 pedum

441 3460 840 3557 unguiculae
885 3462 1126 3559 planae
1175 3472 1290 3534 aut
1337 3459 1647 3536 dentatae
1680 3468 1795 3528 aut
1833 3469 2148 3530 serratae.

586 3595 700 3669 Ad
747 3625 1140 3695 generum
1192 3597 1617 3670 characteres
1667 3595 2103 3669 stabiliendos
2134 3596 2395 3668 nonnisi
2426 3598 2555 3668 im-

439 3713 793 3787 mutabiles
840 3726 911 3787 et
943 3716 1104 3786 satis
1134 3724 1446 3811 patentes
1480 3715 1785 3809 corporis
1815 3723 2065 3808 parteS‚
2114 3713 2179 3782 in
2219 3711 2552 3808 specie-

441 3828 594 3900 bus
644 3827 1037 3901 definiendis
1086 3828 1493 3925 sculpturam
1542 3838 1613 3899 et
1643 3837 2038 3898 armaturam
2071 3823 2361 3897 adhibui.
2416 3824 2554 3896 Co-

439 3941 620 4014 lores
669 3968 1139 4043 nonnunquam
1191 3953 1600 4030 constantes,
1649 3940 2045 4038 plerumque
2081 3951 2303 4013 autem
2336 3941 2555 4013 varia·

440 4055 610 4128 biles
660 4058 900 4130 inveni.
