2800 4867
612 413 854 482 Famil-
888 413 1332 500 Pamepidoe.
1400 415 1501 480 m.
1528 413 1894 501 Par-nopes.
2191 416 2327 484 3⁶7⁹

337 925 397 990 E
442 923 704 991 Familia
745 922 1250 1011 Parnopidarum
1305 924 1518 994 adhuc
1571 869 2020 993 tantummodo.
2067 868 2330 991 domum

207 1035 437 1104 Genus
480 1038 822 1123 cognitum,
867 1035 1032 1102 scil.:
2227 1081 2234 1086 ,
2303 1077 2314 1086 .

599 1288 709 1400 12.
814 1288 1081 1363 Genus
1130 1288 1663 1364 PARNOPES
1712 1291 1930 1365 Fabr.

206 1457 344 1512 Piez.
385 1459 519 1511 177·
542 1459 625 1513 27.
665 1490 730 1502 -
768 1460 903 1520 Latr.
943 1460 1076 1514 Gen.
1110 1460 1210 1515 Ins.
1248 1460 1299 1516 4
1337 1459 1438 1513 47:
1459 1459 1580 1514 476.
1620 1488 1687 1499 --
1730 1409 2325 1544 lem.Dispos.1845⁴‚

349 1564 460 1615 pag.
489 1547 537 1602 1.
611 1544 833 1617 Chrysis
867 1545 914 1599 F
916 1548 1021 1598 abr.
1058 1546 1177 1599 Ent.
1216 1546 1344 1621 Syst.
1383 1548 1434 1599 2.

342 1706 606 1794 Corpus
648 1708 982 1782 robustum
1029 1656 1393 1795 elongatum
1436 1710 1666 1794 24--41
1696 1708 1807 1774 lin.
1836 1705 2122 1773 decimal.
2151 1707 2326 1794 long

342 1818 563 1906 Caput
586 1820 976 1888 rotundato·
984 1819 1399 1976 triangulflmz
1427 1821 1697 1909 clypeus
1718 1818 2106 1908 submagna&
2125 1829 2329 1886 mus

210 1952 441 1998 versus
478 1932 665 1998 latus.
758 1983 789 1996 ,.
854 1977 863 1990 .

342 2043 799 2130 Mesopleurae
862 2043 1143 2108 thoracis
1202 2042 1518 2110 subtiliter
1570 2046 1986 2130 margi-atam
2051 2046 2329 2129 mangine

213 2163 326 2224 aut
366 2153 896 2241 subinoegmimo
932 2164 1054 2220 aut
1099 2154 1484 2234 ctennlatm·

344 2264 614 2331 Scutelli
657 2263 869 2330 discus
914 2266 1201 2348 elevatus
1246 2267 1476 2354 planus
1518 2268 1903 2352 trapezinus.

343 2376 752 2442 Postscutelli
794 2388 1078 2443 centrum
1125 2389 1235 2444 aut
1280 2378 1780 2456 tabet-efflatum,
1850 2385 1958 2440 aut
2001 2396 2332 2442 mucrona-

216 2500 379 2552 tum:
446 2510 752 2554 mucrone
811 2488 1008 2575 plano
1054 2488 1560 2566 subhorizontali
1604 2508 1826 2552 versus
1873 2485 2195 2553 abdomen
2240 2485 2334 2552 di-

216 2609 397 2664 recto
465 2608 530 2664 et
596 2600 731 2665 fere
800 2603 997 2665 instar
1053 2600 1252 2670 sellae
1307 2602 1617 2687 equestris
1674 2599 1980 2678 formato,
2056 2600 2333 2684 margine

217 2709 454 2775 lacero.

350 2819 558 2886 Pedes
618 2822 755 2887 fere
814 2831 886 2885 ut
930 2824 995 2886 in
1043 2821 1473 2908 Chrysidibus
1519 2832 1957 2900 constructae,
2025 2830 2090 2884 at
2130 2821 2335 2883 minus

218 2932 524 2999 robustae
582 2943 645 2998 et
700 2933 994 3020 spinulae
1052 2933 1460 2998 articulorum
1516 2945 1831 2999 tarsorum
1891 2930 2166 3019 apicales
2211 2933 2339 2996 evi-

221 3043 550 3111 dentiores
595 3054 659 3109 et
702 3044 1046 3131 longiores.

355 3155 616 3221 Alarum
661 3155 914 3242 tegulae
956 3158 1259 3220 maximae
1303 3153 1797 3241 longitudinales
1827 3160 2337 3218 ovato-scutatae

219 3279 289 3334 et
332 3278 692 3355 punctatae.

356 3379 518 3444 Alae
574 3381 835 3445 amicae
891 3375 1333 3443 tantummodo
1391 3378 1436 3441 2
1481 3375 1728 3442 cellulis
1772 3372 2134 3461 completis,
2205 3370 2337 3436 scil.

221 3490 454 3556 costali
498 3500 564 3556 et
607 3489 891 3567 mediali;
944 3488 1176 3555 cellula
1219 3487 1599 3555 submediali
1647 3490 1828 3553 lzma
1873 3481 2343 3574 subcompleta3

221 3601 462 3670 cellula
518 3601 745 3667 radiali
799 3601 1011 3666 solum
1066 3601 1393 3681 inchoata,
1463 3610 1727 3688 propter
1769 3619 1996 3663 venam
2039 3593 2342 3662 radialem

223 3713 449 3803 paullo
493 3723 646 3803 post
687 3716 907 3801 stigma
950 3712 1364 3779 desinentem.

362 3826 523 3892 Alae
566 3830 849 3913 posticae
893 3823 1145 3891 duabus
1187 3827 1395 3890 venis:
1456 3822 1681 3889 costali
1728 3831 1790 3887 et
1832 3814 2210 3906 postcostali
2254 3823 2345 3879 at-

229 3960 360 4027 que
407 3937 638 4004 cellula
682 3935 908 4006 costali
948 3935 1240 4024 gaudent.
