2800 4867
485 500 601 541 xlv
1350 475 1727 563 Praefatio.

484 656 882 755 phalangum
968 679 1186 752 paene
1263 654 1741 726 inextricabilis
1815 629 2168 726 multitudo
2243 655 2596 729 minuenda

486 783 645 844 erat.
747 767 1004 848 Quibus
1067 767 1502 866 respondisse
1554 767 1868 855 sufficiet,
1935 766 2430 842 distinctionum
2478 797 2594 843 na-

482 898 696 957 turam
750 894 819 956 et
848 881 1138 954 indolem
1175 893 1327 954 ante
1366 884 1587 954 omnia
1623 908 1777 955 esse
1809 882 2353 981 perpendendas;
2405 885 2596 958 dum-

482 999 687 1073 modo
740 997 1216 1085 constantibus,
1268 998 1491 1083 certiS,
1539 994 1844 1069 facilibus
1894 999 2103 1095 signis
2137 1009 2420 1087 utamur,
2468 1024 2597 1072 nec

481 1115 765 1187 molesta
825 1138 957 1185 nec
1015 1109 1494 1198 inextricabilis
1544 1111 1673 1183 erit
1722 1111 1991 1201 divisi03
2054 1110 2217 1212 quid
2266 1112 2453 1211 quod
2499 1115 2596 1185 in·-

482 1228 819 1326 dagatoris
865 1227 1167 1300 laborem
1217 1228 1501 1314 minuet3
1553 1227 1608 1298 si
1660 1227 1918 1325 logici8‚
1968 1250 2143 1324 quae
2173 1240 2439 1315 vocant,
2488 1254 2593 1299 ar-

478 1343 812 1438 gumentis
861 1343 1090 1414 nititur
1139 1352 1457 1441 systema,
1508 1352 1760 1413 tantum
1811 1341 2007 1413 abest
2051 1353 2128 1413 ut
2174 1345 2242 1414 in
2293 1367 2595 1432 errorem

477 1460 857 1553 immergat,
920 1468 997 1527 ut
1053 1456 1280 1553 potius
1339 1466 1528 1527 recta
1585 1457 1692 1528 via
1757 1455 1840 1527 ad
1904 1480 2185 1553 scopum
2244 1454 2444 1528 ducat
2490 1457 2594 1527 in-

474 1573 972 1667 vestigatorem.
1063 1566 1426 1647 Quamnam
1496 1567 1954 1641 confusionem
2011 1571 2210 1641 nimia
2268 1596 2595 1666 generum

382 1677 397 1690 ⁶
479 1683 919 1756 creandorum
954 1681 1202 1781 cupido
1235 1685 1599 1782 pepererit,
1650 1685 2064 1781 experientia
2099 1682 2321 1759 docet.
2371 1680 2593 1757 Nobis

475 1810 698 1870 autem
763 1822 1036 1895 semper
1082 1799 1296 1869 visum
1348 1810 1489 1883 est,
1537 1823 1674 1868 non
1723 1797 1884 1868 alias
1931 1799 1997 1868 in
2049 1797 2222 1869 libro
2275 1823 2471 1896 quam
2521 1800 2596 1869 in

473 1925 703 1985 natura
768 1909 1179 1983 adhibendas
1233 1935 1385 1983 esse
1434 1909 1917 1981 distinctiones.
2022 1908 2204 1988 Quas
2255 1914 2312 1983 si
2359 1924 2593 1984 natura

471 2028 618 2125 ipsa
668 2027 854 2099 leves
903 2023 1162 2111 fecerit,
1212 2026 1280 2096 in
1331 2024 1832 2096 transitionibus
1881 2037 2102 2097 autem
2151 2025 2350 2124 plane
2402 2025 2593 2098 dele-

471 2143 663 2228 verit,
716 2165 1005 2239 quonam
1055 2139 1201 2211 iure
1254 2163 1370 2211 eas
1420 2140 1488 2210 in
1532 2138 1899 2236 generibus
1942 2140 2426 2213 constituendis
2470 2139 2591 2211 ad-

471 2253 864 2327 hibeamus?
944 2249 1076 2323 Vel
1141 2253 1239 2325 rei
1303 2252 1841 2348 entomologicae
1902 2256 2181 2349 peritior
2228 2293 2329 2304 —
2375 2266 2450 2326 ut
2501 2252 2592 2325 de

473 2367 800 2439 tironibus
849 2377 1107 2437 taceam
1140 2403 1239 2415 —
1270 2368 1531 2436 nonnisi
1585 2363 1901 2436 tentando
1948 2367 2381 2463 synonymias
2415 2392 2594 2439 nova

471 2483 595 2553 ista
646 2504 897 2578 genera
949 2476 1336 2551 discernere
1380 2479 1655 2576 poterit.

614 2593 928 2667 Attamen
977 2594 1271 2689 ingenue
1308 2591 1654 2677 confiteor,
1704 2592 1973 2688 species
2005 2590 2373 2678 nonnullas,
2421 2620 2486 2665 v.
2526 2619 2587 2665 c.

470 2708 869 2809 Chrysidem
932 2708 1243 2806 lynceam
1296 2718 1366 2778 et
1416 2703 1815 2805 Chrysidem
1874 2701 2178 2776 Gueudei
2228 2706 2381 2799 (no.
2419 2709 2583 2780 191.

472 2821 685 2915 192),
760 2822 995 2918 capitis
1070 2831 1139 2892 et
1198 2819 1492 2892 thoracis
1554 2819 1765 2892 forma
1828 2844 1865 2888 a
1934 2818 2205 2917 reliquis
2266 2819 2587 2908 diversas,

464 2961 643 3007 novo
694 2935 926 3032 generi
979 2933 1270 3006 adscribi
1315 2936 1639 3030 potuisse,
1692 2932 1876 3034 quod
1906 2944 2230 3038 monente
2264 2936 2409 3006 viro
2446 2935 2584 3006 cla-

466 3050 728 3121 rissimo
777 3048 965 3141 Kluq
1014 3044 1256 3146 Pyr-iae
1306 3048 1577 3120 nomine
1625 3073 2018 3145 nuncupare
2065 3046 2383 3120 licuisset.

610 3160 1011 3249 Linnaeana‚
1071 3158 1466 3234 Fabriciana
1528 3165 1883 3259 omniaque
1944 3161 2208 3259 antiqua
2256 3183 2585 3254 qenerum

462 3278 748 3363 nomina,
795 3289 998 3374 prout
1047 3277 1114 3346 in
1165 3277 1590 3373 famffiarum
1633 3277 1901 3345 nomina
1937 3274 2238 3361 abierint,
2291 3274 2582 3346 delenda

465 3414 618 3462 esse
682 3391 806 3461 rati
867 3401 1178 3471 auctores
1229 3388 1555 3475 nonnulli,
1620 3390 1689 3460 in
1739 3389 2007 3484 scriptis
2057 3389 2195 3460 suis
2243 3388 2416 3460 hanc
2464 3415 2585 3482 res

461 3504 683 3600 gulam
759 3505 973 3575 secuti
1051 3514 1221 3574 sunt.
1296 3500 1536 3574 ·Tunc
1602 3503 1806 3598 igitur
1867 3493 2117 3572 nullum
2176 3501 2577 3574 habebimus

462 3615 939 3705 Scarabaeum‚
987 3616 1239 3687 nullum
1289 3612 1781 3701 Curculionem,
1830 3614 2075 3686 nullam
2116 3610 2403 3687 Blattam
2450 3640 2576 3686 ne-

461 3757 596 3829 que
647 3729 990 3816 Cicadam3
1056 3754 1229 3800 nova
1277 3728 1671 3802 invenienda
1725 3740 1880 3823 sunt
1927 3729 2223 3813 nomina,
2286 3728 2577 3826 antiquis

459 3846 822 3942 generibus
856 3841 1296 3915 intrudendae
1331 3841 1874 3929 Scarabaeidum‚
1926 3839 2466 3914 Curculionidum
2503 3852 2578 3913 et

458 3955 525 4027 id
587 3982 805 4054 genus
866 3957 1367 4054 appellationes.
1481 3955 1605 4028 Cui
1664 3958 2038 4042 mutationi,
2112 3981 2149 4027 a
2208 3955 2575 4053 perpaucis

459 4070 899 4167 scriptoribus
973 4083 1299 4157 tentatae,
1374 4072 1679 4143 assentiri
1741 4095 1876 4142 non
1934 4095 2245 4167 possum,
2319 4070 2577 4168 quippe
