2800 4867
482 448 571 514 14
1324 449 1354 511 l
1368 496 1383 510 .
1480 446 1761 534 cleptes.

476 622 646 689 dinis
691 619 961 688 borea1.·
983 620 1466 709 transgreditur,
1514 625 1680 688 inter
1722 619 1970 711 species
2015 623 2358 690 rarissimas
2402 622 2601 690 habe·

482 746 616 813 tur3
673 738 740 800 in
794 733 1156 822 plantarum
1215 735 1385 801 foliis
1445 746 1508 800 et
1564 734 1832 800 floribus
1892 736 2176 804 obvenit.
2266 738 2361 802 Ex
2416 736 2601 804 ltalia

482 856 546 911 et
602 846 818 913 Gallia
876 847 960 911 D.
1022 844 1339 932 Spina-ola,
1399 868 1437 911 e
1503 846 1829 916 montibus
1888 848 2183 914 Austriae
2237 846 2598 937 subalpinis

474 960 567 1024 D.
610 955 886 1040 Kollizr,
945 980 985 1024 e
1039 958 1266 1024 Silesia
1321 960 1407 1024 D.
1452 958 1693 1026 Dolum
1745 970 1810 1025 et
1854 981 1891 1024 e
1937 959 2466 1046 Brandenburgia
2509 961 2596 1025 D.

480 1070 754 1137 Benecke
794 1071 945 1135 mibi
977 1073 1321 1157 specimina
1349 1070 1674 1137 benevole
1703 1075 2268 1138 communicarunt.
2343 1073 2418 1137 In
2447 1071 2599 1138 Bel-

479 1186 581 1269 gia
634 1205 673 1248 a
730 1183 813 1248 D.
868 1182 1210 1249 Wesmuie'l
1265 1194 1329 1248 et
1385 1186 1454 1248 in
1500 1183 1726 1271 Anglia
1770 1206 1807 1248 a
1852 1185 1936 1249 D.
1988 1184 2369 1252 Wesbwood
2407 1184 2593 1249 lecta.

480 1294 653 1360 Intra
696 1294 984 1360 Sveciam
1029 1295 1111 1359 ad
1156 1291 1424 1382 Hoberg
1466 1296 2074 1363 Westro-Gothiae
2117 1298 2202 1363 D.
2253 1291 2603 1386 Gynenlta'l

482 1419 546 1473 et
602 1406 684 1471 ad
735 1404 1306 1494 Kiviks-Esperod
1365 1409 1634 1473 Scaniae
1677 1409 1762 1473 D.
1808 1410 1892 1474 D.
1939 1408 2178 1475 Falle'n
2225 1400 2290 1474 et
2327 1409 2598 1475 Zetter-

479 1515 652 1606 stsedt
705 1519 871 1584 hanc
925 1523 1200 1606 speciem
1260 1523 1330 1585 in
1384 1516 1892 1586 Umbellatarum
1953 1520 2224 1587 floribus
2281 1523 2599 1586 rarissime

482 1625 934 1706 observarunt3
976 1630 1377 1706 individuum
1426 1634 1492 1697 in
1534 1642 1701 1697 terra
1746 1631 2174 1697 ambulantem
2221 1632 2282 1697 d.
2321 1637 2396 1699 7.·
2412 1633 2595 1719 Sept.

483 1744 660 1809 1838
702 1746 770 1809 in
813 1740 979 1808 urhe
1023 1742 1214 1809 Lund
1261 1744 1530 1808 Scaniae
1586 1747 1652 1808 in
1705 1747 2027 1809 vicinitate
2073 1744 2269 1810 Retia
2315 1745 2601 1808 Grvsm-

479 1856 693 1920 loriae
748 1858 888 1941 ipse
944 1854 1359 1941 deprehendi.
1453 1854 1692 1921 Comes
1737 1856 1839 1921 Le
1882 1857 2197 1923 Pelletier
2240 1857 2323 1921 de
2369 1856 2601 1921 Saint-

479 1966 802 2052 Far-gean
856 1966 942 2032 de
992 1966 1112 2031 hac
1161 1970 1379 2054 specie
1425 1970 1512 2032 ita
1555 1970 1834 2055 scripsit:
1894 1968 2043 2054 „j’ai
2087 1990 2179 2036 vu
2218 1967 2284 2033 le
2334 1968 2601 2054 cleptes

476 2079 761 2146 nitidula
805 2078 1097 2166 allonger
1138 2077 1485 2167 beaucoup
1530 2100 1654 2145 son
1696 2089 1902 2166 tuyau
1931 2081 2165 2168 aupres
2197 2079 2389 2145 d’une
2417 2079 2601 2145 larve

476 2189 562 2255 de
592 2189 975 2270 Tenthrede,
1022 2201 1087 2256 et
1128 2191 1193 2256 le
1237 2213 1513 2279 pousser
1555 2195 1875 2258 vivement
1919 2202 2145 2258 contre
2177 2191 2320 2258 elle.
2385 2191 2601 2277 Quoi-

477 2301 633 2387 qu’il
686 2301 807 2366 lui·
837 2307 946 2367 eut
996 2301 1158 2396 fallu
1200 2323 1372 2390 pour
1416 2303 1552 2369 cela
1597 2302 1951 2369 recourber
1993 2325 2117 2370 son
2160 2303 2484 2369 abdomen
2529 2313 2601 2368 et

477 2411 713 2499 diriger
768 2434 844 2477 ce
902 2397 1107 2499 tuyau
1164 2426 1344 2480 entre
1401 2437 1505 2480 ses
1562 2425 1767 2501 pattes
1827 2436 1907 2480 en
1968 2427 2159 2481 avant
2211 2416 2295 2481 de
2337 2415 2399 2481 la
2446 2417 2598 2495 tete,

475 2524 860 2611 l’operation
906 2527 1148 2592 entiere
1180 2526 1277 2592 sut
1320 2527 1585 2592 l'affaire
1616 2526 1805 2591 d'une
1838 2528 2200 2606 seconde'';
2237 2527 2598 2594 Referente

476 2634 618 2703 Cel.
673 2637 1056 2705 Westwood
1109 2642 1177 2704 in
1236 2658 1437 2726 opere
1482 2638 1751 2705 classico
1808 2684 1852 2721 ‚‚
1869 2638 2157 2706 Modern
2211 2639 2598 2730 Gla-sefion-

475 2751 614 2816 tion
657 2748 747 2835 qs
775 2749 1081 2816 Iuseets”
1127 2770 1270 2838 pag.
1304 2753 1452 2817 179.

609 2860 948 2927 Observ.
1003 2862 1283 2926 Femina.
1339 2863 1496 2929 Non
1538 2862 1747 2929 solnm
1790 2861 2014 2929 colore
2057 2873 2121 2929 et
2158 2860 2596 2950 magnitudine

474 2975 706 3039 minori
761 2972 876 3039 sed
936 2977 1129 3039 esiam
1175 2983 1514 3040 structura
1536 2979 1811 3061 partium
1855 2996 1894 3039 a
1947 2975 2047 3040 Ul.
2091 2979 2500 3041 sentiam-ata
2541 2984 2594 3054 Ω

474 3084 673 3150 Ῑειοίἰθ
718 3084 1131 3173 dignoscitur.
1223 3085 1439 3175 Caput
1496 3087 1846 3167 mediocre,
1902 3097 1968 3151 at
2025 3089 2232 3151 minus
2291 3109 2481 3173 quam
2525 3090 2597 3152 in

346 3231 352 3237 ·
482 3196 584 3263 01.
630 3201 1034 3264 sentiam-ata
1079 3208 1126 3278 ῼ
1173 3208 1238 3263 et
1281 3210 1487 3265 totum
1548 3220 1901 3266 convexum
1954 3201 2455 3286 nigro-aeneum
2500 3202 2599 3264 ni-

473 3308 673 3375 tidum
719 3332 938 3398 sparse
982 3310 1424 3397 punctulatum
1467 3310 1726 3378 sulculo
1756 3308 2052 3375 mediano
2085 3309 2398 3376 distincta.
2460 3310 2598 3375 An-

473 3430 707 3487 tennae
751 3422 984 3503 fuscae,
1030 3425 1429 3511 angustiores
1464 3444 1652 3508 quam
1697 3425 1765 3488 in
1804 3421 1905 3489 01.
1933 3425 2336 3505 semiantrum
2370 3431 2435 3501 Ω,
2480 3422 2599 3487 ssa-

474 3532 710 3619 gellum
738 3532 878 3607 basi
908 3538 1218 3621 apiceque
1248 3533 1396 3621 plus
1433 3537 1639 3599 minus
1671 3534 1901 3600 rubro·
1940 3534 1984 3600 l.
2017 3535 2595 3615 fusco-testaceum,

471 3667 701 3733 scapus
745 3644 1062 3711 interdum
1109 3646 1391 3734 ejusdem
1438 3650 1741 3734 picturae.
1814 3648 2168 3712 Pronotum
2198 3645 2445 3711 fulvum
2480 3656 2597 3711 aut

473 3755 641 3822 laete
684 3755 1076 3837 brunneum,
1127 3780 1350 3846 ⁸sparse
1395 3755 1868 3846 punctulatum,
1924 3757 2218 3825 nonnihil
2261 3761 2595 3845 angustius

476 3878 541 3933 et
584 3872 929 3934 convexius
975 3865 1166 3958 quam
1186 3869 1278 3936 'in
1331 3870 1557 3958 Glepte
1599 3873 2019 3937 semiana-ata.
2100 3869 2451 3936 Dorsulum
2497 3872 2597 3936 ni-

475 4001 908 4067 gro-aeneum
953 3993 1018 4048 et
1060 3981 1399 4049 scutellum
1436 4005 1751 4069 cyanemn
1785 3986 2038 4071 parcius
2069 3992 2386 4070 punctata.
2454 3984 2597 4049 Me·
