2800 4867
485 421 622 490 880
933 419 1176 488 Fan-tl.
1200 420 1647 508 Pornopidae.
1695 420 1812 485 12..
1829 419 2205 507 Pars-opes.

619 595 964 663 Abdomen
1023 595 1857 684 ovato-subrectangulum‚
1925 603 2255 683 segmenta
2297 591 2617 670 dorsalia:

488 712 698 775 naris
740 711 802 790 4,
828 745 909 761 —
935 705 1071 788 933
1146 719 1541 797 segmentum
1608 706 1868 774 dorsale
1935 707 2224 774 ultimum
2280 709 2617 773 maximum

488 824 657 890 serie
676 877 693 893 .
722 831 873 887 ante
899 861 928 872 -
950 821 1182 910 apicali
1238 857 1320 873 —
1379 819 1558 910 apud
1618 819 1885 886 familias
1944 818 2400 886 antecedentes
2469 840 2617 884 nor-

482 933 640 999 ·mali
686 969 769 985 —
815 937 1081 999 omnino
1139 943 1341 1012 caret,
1397 942 1508 999 aut
1561 931 2153 998 mhsemicirculare
2198 941 2313 998 aut
2351 933 2619 997 conico-

487 1043 1015 1132 subtriangulare,
1058 1055 1240 1132 parte
1281 1044 1486 1110 basali
1533 1054 1594 1109 et
1640 1046 1903 1109 maxima
1946 1041 2198 1110 modice
2237 1064 2617 1122 convexum,

489 1166 642 1223 ante
695 1159 1039 1244 marginem
1091 1155 1338 1223 analem
1383 1158 1685 1242 utrinque
1729 1155 2015 1245 elliptico
2030 1194 2057 1203 -
2097 1163 2211 1219 aut
2254 1163 2459 1220 ovato
2472 1157 2618 1220 -im-

488 1287 763 1334 mersum
818 1266 1106 1359 carinuls
1162 1268 1457 1336 mediana
1509 1266 1696 1333 brevi
1741 1270 1949 1334 minus
1993 1264 2440 1334 determinata-
2463 1287 2618 1333 con-

488 1399 649 1446 vexa
691 1379 1153 1448 intercedente.
1238 1380 1507 1446 Limbus
1564 1377 1766 1445 anelis
1811 1380 2158 1465 (segmenti
2203 1375 2481 1444 dorsalis
2526 1377 2620 1443 ul-

488 1493 665 1573 timi)
692 1507 994 1575 crassus,
1024 1489 1031 1496 ’
1060 1502 1171 1558 aut
1226 1491 1570 1581 depressus
1626 1487 1890 1556 declivis
1914 1498 2046 1554 'aut
2089 1510 2447 1571 convexus,
2504 1489 2620 1556 du·
2706 1518 2712 1524 ·
2767 1551 2770 1558 .

490 1600 646 1690 plici
686 1606 855 1670 serie
897 1604 1273 1670 serr-alatus:
1316 1606 1484 1670 serie
1526 1605 1863 1690 superiore
1905 1595 2249 1688 marginem
2293 1599 2616 1668 dorsalem

489 1717 807 1802 sequente
863 1725 976 1781 aut
1031 1737 1070 1779 a
1126 1714 1476 1781 tuberculis
1515 1724 1647 1780 ·aut
1701 1736 1741 1780 a
1796 1712 2070 1801 spinulis
2125 1715 2616 1801 mioeonooptciae

490 1830 867 1906 conditum,
916 1828 1085 1892 serie
1139 1827 1447 1896 inferiore
1488 1824 1836 1894 secundum
1880 1828 2226 1914 marginem
2265 1825 2615 1893 ventralem

490 1935 681 2002 ducta
739 1947 804 2004 et
860 1937 1198 2006 denticulis
1254 1939 1296 2008 L
1342 1936 1964 2027 subtriangularibus
2016 1937 2061 2003 l.
2106 1936 2458 2025 spinoideis
2511 1938 2606 2005 di-

490 2050 737 2115 stinctis
776 2053 1101 2117 instructa.

624 2159 898 2248 Species
950 2164 1265 2251 Parnopis
1327 2162 1603 2231 Generis
1658 2166 1701 2230 4
1746 2163 2042 2250 cognitae
2091 2170 2274 2230 sunt:
2333 2163 2381 2229 3
2412 2163 2615 2253 Acgy-

490 2274 740 2358 ptiacae
784 2284 850 2341 et
893 2277 1084 2342 unica
1108 2277 1488 2363 ‘Europam-
