2800 4867
582 453 872 545 Chysis
913 454 1069 520 Lim.
1167 454 1505 523 Gar-aeter.
1552 459 1825 525 normal.
2222 461 2269 526 3

148 627 297 693 lares
340 638 409 696 et
452 626 743 696 labiales»
776 627 1188 697 biarticulati‘
1219 630 1607 713 brevissimi,
1663 636 1864 701 instar
1918 633 2265 701 setularum

145 737 427 805 brevium
470 740 818 828 rigidarum
866 743 1338 810 obsoletissimi.

142 887 149 892 ·
210 847 217 856 '
270 850 705 920 mandibulae
739 837 1171 941 magnitudine
1203 865 1267 921 et
1297 859 1581 922 crassitie
1611 859 1943 937 variantes,
1990 855 2263 945 plerum-

143 984 265 1048 que
305 967 628 1050 trigonae,
674 962 904 1030 subtus
949 967 1243 1034 nonnihil
1288 978 1657 1049 excavatae,
1709 972 1891 1056 apice
1934 972 2139 1034 inciso
2186 972 2265 1035 l-

140 1076 182 1139 2
194 1077 273 1141 -3
286 1114 316 1126 -
333 1086 630 1142 crenatae
674 1076 717 1141 l.
742 1076 1209 1154 denticulatae.

267 1186 570 1253 Labi-um
618 1207 913 1276 parvum:
970 1190 1110 1255 aliis
1168 1188 1767 1271 subsemilunatum,
1826 1190 1966 1257 aliis
2022 1190 2263 1258 lineare

143 1307 202 1363 et
244 1297 573 1379 obtusum,
617 1300 997 1388 plerumque
1030 1299 1505 1382 absconditum,
1549 1306 1829 1391 margine
1858 1302 2086 1390 apicali
2115 1302 2261 1391 plus

140 1413 343 1475 minus
389 1410 696 1476 ciliatum.

276 1522 564 1612 Clypea-s
609 1534 1039 1589 transversus:
1098 1524 1141 1589 1.
1187 1523 1630 1608 brevissimae,
1677 1526 1719 1593 l.
1763 1525 1978 1593 brevis
2022 1528 2065 1592 l.
2097 1547 2259 1594 raro

138 1632 504 1713 mediocris,
560 1633 763 1707 disco¹
799 1635 1176 1723 plerumque
1230 1637 1783 1725 longitudinaliter
1828 1660 2150 1706 convexus
2196 1649 2260 1706 et

139 1748 442 1832 utrinque
483 1749 834 1812 immersus.

262 1857 611 1923 Διιεωηαο
655 1857 1067 1945 geniculatae,
1127 1858 1479 1940 filil'ormes,
1522 1860 1661 1927 fere
1703 1861 1786 1928 ad
1833 1865 1963 1927 oris
2009 1872 2264 1949 apertu-

135 1990 267 2033 ram
308 1969 373 2035 h.
416 1990 491 2035 e:
519 1972 587 2035 in
632 1968 773 2035 basi
818 1969 860 2035 l.
904 1973 1083 2054 juxta
1125 1971 1308 2038 basin
1357 1973 1571 2058 clypei
1616 1976 1923 2053 insertae,
1966 1977 2262 2061 approxi-

142 2091 370 2159 matae,
407 2084 475 2145 in
499 2083 662 2146 vivis
701 2084 927 2147 eximie
969 2080 1312 2162 vibratileS,
1356 2086 1426 2147 in
1470 2087 1739 2149 mortuis
1784 2083 2079 2149 nonnihil
2122 2106 2263 2149 cur-

147 2213 270 2257 vae
299 2190 343 2256 1.
375 2191 513 2279 plus
538 2195 749 2259 minus
778 2192 1126 2273 involutae,
1162 2194 1446 2260 articulis
1482 2196 1565 2260 13
1594 2198 2015 2282 compositae:
2059 2217 2257 2282 scapo

138 2307 413 2369 maximo
442 2309 689 2384 conico,
732 2304 1056 2392 pedicello
1100 2315 1165 2370 et
1209 2305 1482 2372 articulo
1528 2305 1846 2373 terminali
1878 2306 2259 2394 plerumque
2343 2317 2346 2320 '

133 2413 552 2484 brevissimis.
1216 2409 1223 2416 ”
1342 2437 1349 2442 ·

271 2528 473 2595 OeuR
512 2528 808 2595 laterales
852 2531 1238 2616 integerrimi
1284 2532 1460 2595 ovati
1504 2530 1652 2618 plus
1695 2533 1903 2596 minus
1949 2533 2200 2595 exserti.

266 2640 518 2707 Facies
559 2644 727 2707 inter
768 2639 1018 2707 orbitae
1064 2652 1130 2707 et
1173 2641 1390 2728 clypei
1432 2640 1616 2708 basin
1662 2662 1788 2729 pro
1832 2645 2038 2729 scapis
2083 2644 2261 2728 quie-

134 2751 463 2819 scentibus
505 2756 810 2841 impressa
853 2754 895 2819 l.
924 2756 1215 2839 immersa
1245 2763 1310 2818 et
1337 2750 1577 2819 ibidem
1607 2752 2016 2820 subtilissime
2059 2763 2261 2819 trans-

132 2886 316 2930 verse
363 2868 667 2953 strigosa3
714 2887 880 2952 quae
910 2864 1121 2952 ampla
1148 2867 1480 2952 impressio
1525 2864 1904 2951 plerumque
1950 2868 2259 2930 cavitas

130 2976 471 3042 facialis
506 2975 897 3044 nominatur.

259 3088 499 3155 From
554 3100 621 3155 et
673 3090 919 3156 Ver-tex
974 3088 1283 3176 depresso
1306 3108 1637 3153 -convexa
1692 3086 1735 3152 l.
1796 3085 2261 3153 convexo-de-

125 3222 371 3287 pressa.

263 3312 638 3381 Stemmata
694 3311 737 3378 l,
781 3309 1249 3400 triangular-iter
1303 3309 1353 3376 l.‘
1389 3313 1694 3376 arcuatim
1743 3313 1809 3376 in
1852 3313 2092 3376 vertice
2135 3308 2262 3375 dis-

121 3428 363 3511 posita.
455 3426 685 3510 Margo
731 3425 1082 3512 occipitalis
1129 3424 1578 3511 prothoracem
1625 3444 1846 3489 versus
1891 3421 2031 3488 aliis
2075 3425 2262 3490 muti-

123 3558 276 3616 ωε,
324 3536 467 3602 aliis
513 3535 878 3623 angulatus,
922 3536 1060 3601 aliis
1105 3534 1575 3621 subspinoideo
1620 3532 1993 3621 productus·

271 3647 552 3715 Thorax
595 3646 1144 3735 subcylindricus,
1198 3646 1347 3733 plus
1392 3649 1604 3712 minus
1648 3665 2002 3725 convexus,
2052 3635 2261 3710 antice

121 3759 165 3825 l.
214 3756 816 3826 arcuato-obtusus
861 3758 906 3823 1.
954 3768 1292 3837 truncatus,
1338 3762 1586 3846 postice
1630 3767 1980 3824 truncatus.

259 3872 636 3946 Doroulum
676 3872 918 3936 suturis
970 3868 1543 3957 longitudinalibus
1558 3921 1575 3951 ,
1630 3891 1897 3958 quarum
1952 3863 2261 3931 medianis

131 3983 176 4047 2
217 3983 607 4073 plerumque
640 3981 1175 4049 ‘distinctioribus

1762 4093 1799 4156 1
1816 4089 1859 4133 ι
