2800 4867
1081 464 1457 551 Praefatio.
2210 491 2332 534 xm

206 641 345 712 cies
419 665 908 740 nonnunquam
969 643 1118 713 usui
1180 640 1340 714 mihi
1402 642 1544 716 fuit.
1661 640 2100 717 Conferantur
2160 644 2327 720 deli-

202 757 557 828 neationes
608 758 994 853 specierum
1042 781 1152 828 no.
1188 757 1350 830 186.
1390 758 1558 832 187.
1596 757 1758 832 188.
1801 758 1959 831 190.
2000 760 2158 833 191.

351 867 681 968 Corporis
731 868 1214 967 longitudinem
1260 872 1328 943 in
1377 884 1572 969 parte
1605 873 1867 971 postica
1908 872 2065 946 inde
2099 900 2138 946 a
2171 898 2325 948 ver-

199 985 356 1058 ticis
423 1009 694 1057 summo
754 985 1056 1080 margine
1114 1009 1332 1084 usque
1395 983 1485 1057 ad
1533 997 1905 1059 extremum
1953 987 2164 1061 ultimi
2213 1013 2324 1061 se-

197 1101 464 1195 gmenti
515 1097 801 1171 dorsalis
847 1099 1217 1197 marginem
1265 1100 1522 1174 analem
1574 1103 2128 1176 commensuravi.

346 1210 460 1284 Ad
511 1211 937 1285 minuendam
986 1215 1054 1284 in
1103 1214 1468 1311 speciebus
1517 1212 1998 1312 dignoscendis
2033 1227 2102 1288 et
2135 1240 2321 1288 com·

195 1324 519 1426 parandis
550 1326 946 1415 molestiam,
993 1327 1278 1401 tabulas
1318 1331 1720 1425 synopticas
1751 1329 2099 1402 nonnullas
2135 1356 2320 1403 com-

194 1441 418 1539 posui,
472 1466 639 1539 quas
690 1439 778 1514 ad
823 1442 1231 1515 insectorum
1281 1441 1572 1517 studium
1620 1442 1799 1517 haud
1829 1469 2041 1543 parvo
2075 1444 2319 1517 auxilio

195 1554 345 1630 fore
396 1581 624 1654 spero.

340 1667 892 1743 Fabricianorum
941 1681 1260 1770 typorum
1310 1683 1619 1745 accurata
1653 1674 1949 1770 cognitio
1984 1696 2139 1744 cum
2175 1669 2317 1744 cui-

200 1788 300 1857 vis
352 1783 790 1881 entomologo
842 1797 1122 1883 accepta
1174 1812 1326 1860 esse
1390 1784 1666 1874 debeat,
1725 1786 2059 1885 triplicem
2127 1812 2314 1859 com-

199 1901 398 1997 posui
450 1898 832 1994 catalogum

295 2011 392 2106 1)
440 2010 992 2086 Fabricianorum
1041 2024 1356 2113 typorum
1390 2015 1606 2086 musei
1642 2014 1811 2111 regii
1841 1982 2263 2100 Havniensis,

298 2125 396 2219 2)
446 2123 809 2199 eorundem
857 2128 1075 2199 musei
1117 2123 1588 2215 Kieloniensis,
1640 2138 1711 2199 et

302 2239 397 2332 3)
442 2236 809 2313 Fabriciani
874 2240 1258 2341 systematis
1305 2236 1755 2327 Piezatorum,
1819 2238 2043 2339 quoad
2094 2199 2309 2338 Chry-

438 2354 656 2427 sidem
703 2350 979 2427 Linnaei
1029 2355 1344 2442 continet,
1391 2355 1816 2428 revisionem.

336 2465 449 2539 Ad
508 2466 930 2542 illustrandas
981 2465 1454 2567 Chrysidarum
1517 2467 1925 2566 sculpturam
1975 2479 2045 2540 et
2093 2494 2307 2540 arma-

188 2595 407 2654 turam
465 2583 737 2654 maximi
799 2593 942 2655 erat
987 2584 1338 2670 momenti,
1397 2594 1475 2654 ut
1522 2580 2089 2678 descriptionibus
2137 2584 2307 2654 meis

189 2706 539 2767 accuratas
586 2694 906 2768 adderem
956 2693 1455 2769 delineationes.
1541 2693 1937 2795 Specierum
1987 2695 2307 2792 insignio-

188 2835 305 2881 res
368 2808 620 2882 formas
670 2809 908 2883 artifex
959 2811 1275 2907 egregius
1323 2811 1537 2883 Milde
1586 2808 1917 2907 depinxit,
1989 2808 2305 2906 singulari

185 2924 374 3021 regis
423 2925 637 2995 nostri
686 2923 1184 2998 clementissimi
1231 2950 1512 2996 munere
1563 2922 1843 2995 adiutuS.
1942 2919 2305 2996 Nonnulla-

182 3063 337 3109 rum
387 3038 672 3134 partium
723 3037 1284 3125 adumbrationes,
1333 3037 1588 3110 calamo
1639 3038 1994 3135 scriptorio
2044 3035 2305 3109 rudius-

187 3150 342 3223 cule
406 3149 712 3249 quidem,
783 3154 1069 3225 maxima
1127 3165 1350 3226 tamen
1413 3150 1755 3247 diligentia
1814 3177 1853 3222 a
1913 3175 2025 3223 me
2072 3148 2302 3236 factas,

185 3265 371 3364 typis
432 3264 674 3362 ligneis
736 3290 1126 3363 expressas,
1191 3268 1330 3341 suis
1377 3265 1549 3376 Iopis
1597 3266 1810 3337 textui
1858 3266 2140 3336 insertas
2191 3290 2299 3337 re-

184 3378 435 3476 peries.
1463 3444 1467 3448 .

328 3487 755 3565 Mirabuntur
812 3491 1098 3566 fortasse
1161 3494 1277 3594 qui
1323 3495 1732 3567 insectorum
1781 3489 2028 3564 formas
2077 3494 2299 3566 multis

182 3606 554 3700 generibus
605 3604 1018 3705 distinguere
1065 3618 1580 3695 consueverunt,
1627 3632 1738 3679 me
1790 3605 2031 3679 divites
2062 3605 2299 3707 Hedy-

184 3717 565 3791 chridarum
615 3731 688 3792 et
720 3718 1261 3820 Chrysididarum
1312 3720 1587 3793 familias
1636 3733 1769 3793 tam
1821 3722 2074 3818 pauciS,
2121 3721 2296 3792 illam

181 3833 416 3921 tribus,
464 3832 642 3906 hanc
687 3859 822 3906 uno
872 3859 1126 3930 genere
1178 3836 1805 3933 circumscripsisse,
1863 3835 2131 3932 species
2180 3860 2296 3906 au·-

180 3957 315 4018 tem
381 3958 485 4020 tot
534 3945 950 4020 sectionibus
1001 3958 1071 4020 et
1118 3950 1661 4024 subsectionibus
1712 3949 2038 4021 divisisse.
2139 3944 2294 4019 Plu-

176 4062 364 4134 ribus
410 4062 784 4159 generibus
830 4061 1163 4151 adhibitis,
1220 4062 1450 4138 dicent
1496 4063 1608 4153 illi,
1670 4065 2041 4137 sectionum
2092 4073 2294 4162 atque
