2800 4867
520 465 609 530 ss
1285 466 1349 530 c.
1436 449 1872 555 may-:hm

784 862 1332 950 Hedychridarum
1390 862 1623 927 familia
1682 865 1821 928 sine
1879 861 2081 931 dubio
2137 854 2325 953 plura
2368 841 2626 932 Genera

869 986 1136 1041 naturae
1165 974 1643 1041 scrutatoribus
1689 974 1935 1057 offerat,
1979 979 2035 1041 si
2077 977 2238 1042 haec
2266 980 2485 1043 eximia
2518 978 2626 1044 Se·

868 1092 996 1154 ctio
1042 1085 1347 1153 naturalis
1402 1089 1474 1152 in
1528 1085 1793 1153 diversis
1845 1086 2020 1154 orbis
2064 1097 2376 1158 terrarum
2419 1093 2624 1178 regio-

867 1197 1055 1266 nibus
1114 1197 1196 1264 ad
1251 1199 1488 1264 formas
1548 1219 1698 1264 suas
1764 1208 2129 1266 constantes
2187 1211 2251 1266 et
2308 1205 2622 1267 variantes

867 1311 1229 1399 diligentius
1261 1314 1567 1398 exquisita
1602 1321 1666 1376 et
1711 1310 2034 1397 explorata
2065 1316 2165 1401 sit.
2231 1311 2462 1378 Adhuc
2490 1324 2622 1378 tan·

866 1421 1194 1490 tummodo
1240 1426 1496 1488 unicum
1544 1405 1987 1512 cognoscimus
2033 1420 2305 1505 Genus,⁴
2334 1423 2469 1489 scil.

593 1609 662 1681 6.
764 1607 1030 1681 Genus
1077 1606 1727 1682 HEDYCHRUM
1773 1602 2116 1682 Lati-cille
2163 1628 2255 1680 ex
2298 1615 2535 1704 parte.

648 1763 910 1852 Corpus
940 1766 1099 1829 varii
1126 1760 1574 1850 magnitudinis
1604 1761 1646 1826 1.
1674 1779 1965 1850 magnum
1996 1762 2038 1828 1.
2059 1761 2386 1828 mediocre
2413 1762 2456 1827 1.
2480 1785 2624 1850 par-

511 1897 659 1941 vum
704 1875 747 1941 l.
778 1878 1105 1955 minutum,
1151 1877 1252 1939 vix
1298 1874 1463 1939 ultra
1493 1875 1537 1939 3
1567 1874 1674 1939 lin.
1708 1872 1992 1946 decimal.
2028 1896 2152 1942 nec
2194 1874 2358 1976 i‘ta
2402 1876 2448 1941 2
2487 1873 2623 1940 mil-

511 1988 736 2054 limetr.
795 1987 996 2076 long„
1054 1985 1349 2054 omnibus
1407 1985 1978 2073 proportionaliter
2031 1984 2369 2052 robustum
2422 1985 2622 2052 latum

509 2087 892 2169 subovatum
939 2111 1003 2166 et
1044 2098 1234 2164 valde
1279 2096 1600 2163 obtusum.

645 2213 1017 2279 Abdominis
1074 2213 1380 2299 segmenti
1425 2207 1697 2275 dorsalis
1740 2207 1872 2275 3:1ii
1916 2230 2131 2297 margo
2178 2208 2436 2296 apicalis
2482 2207 2621 2274 aliis

509 2327 815 2404 sinuatuS,
860 2324 999 2388 aliis
1044 2322 1338 2401 undatu8‚
1382 2321 1522 2387 aliis
1560 2324 1806 2407 integer
1834 2332 1943 2386 aut
1971 2324 2438 2409 integerrimus3
2481 2320 2619 2385 scil.

509 2435 684 2524 apud
726 2434 1072 2504 nonnullas
1117 2429 1362 2521 spolies
1405 2437 1470 2498 in
1509 2443 1787 2520 utroque
1815 2437 2094 2520 margine
2121 2432 2622 2520 apicali-laterali

506 2571 627 2635 per
670 2551 1225 2636 emarginationem
1266 2544 1312 2610 l.
1341 2544 1830 2612 undulationem
1872 2545 2166 2633 procedit
2210 2557 2321 2612 aut
2363 2545 2620 2633 spinula

510 2666 860 2749 conspicua
892 2663 1027 2741 (ex.
1058 2682 1147 2748 gr.
1177 2657 1349 2765 apud
1373 2657 1793 2747 Hedyclwum
1819 2659 2239 2724 coelestinum
2267 2668 2334 2724 et
2359 2660 2620 2739 virens)

505 2785 617 2840 aut
674 2773 946 2860 angulus
1002 2772 1046 2837 l.
1093 2768 1432 2837 obsoletus
1490 2768 1531 2833 l.
1575 2780 1797 2835 acutus
1854 2772 1988 2852 (ex.
2036 2793 2123 2856 gr.
2175 2769 2348 2857 apud
2396 2770 2620 2859 Hedy-

505 2886 729 2952 chrum
773 2883 1200 2950 bra-silianum
1216 2931 1237 2966 ‚
1280 2886 1502 2948 virens
1515 2928 1535 2964 ‚
1579 2883 1861 2948 rutilans
1874 2929 1894 2965 ‚
1940 2883 2361 2964 lucidulam),
2407 2903 2617 2968 usque

505 2996 656 3062 dum
715 2994 889 3083 ap'ud
947 3006 1188 3062 ceteras
1248 2981 1494 3081 species
1553 3004 1864 3060 armatura
1907 2993 2017 3059 illa
2064 2997 2150 3059 ita
2193 2997 2426 3060 sensim
2473 3016 2620 3059 eva-

503 3111 705 3174 nescit
748 3118 822 3173 ut
863 3118 1039 3174 totus
1083 3128 1299 3196 margo
1343 3117 1539 3173 restat
1581 3111 1852 3173 muticus
1899 3118 1963 3172 et
2003 3111 2462 3193 integerrimus

636 3221 777 3286 Nos
833 3242 970 3286 non
1026 3220 1187 3307 fugit
1242 3220 1645 3286 scrutatores
1712 3217 2022 3305 quosdam
2079 3219 2208 3285 hoc
2263 3209 2506 3284 Genus
2551 3221 2616 3283 in

503 3332 836 3397 Sectiones
870 3332 910 3396 1.
944 3329 1410 3409 Sub-Genera,
1438 3329 1791 3396 secundum
1823 3334 2209 3416 positionem
2242 3353 2427 3416 quam
2451 3329 2616 3408 den-

501 3443 734 3508 ticulus
779 3447 846 3508 in
891 3446 1169 3529 margine
1212 3442 1705 3528 unguiculorum
1738 3452 2052 3508 tarsorum
2083 3442 2373 3508 inferiori
2402 3440 2616 3521 habet,

502 3554 787 3620 dividere
816 3553 1117 3620 voluisse.
1191 3555 1442 3620 Etenim
1488 3555 1591 3619 hic
1634 3553 1997 3620 denticulus
2026 3553 2069 3618 l.
2102 3555 2168 3619 in
2199 3553 2412 3619 medio
2441 3553 2485 3618 l.
2518 3557 2616 3619 in-

498 3678 598 3732 ter
650 3665 925 3731 medium
986 3677 1051 3731 et
1104 3669 1344 3752 apicem
1391 3665 1433 3730 l.
1478 3667 1648 3753 juxta
1695 3670 1937 3752 apicem
1982 3669 2138 3730 situs
2185 3676 2299 3730 est.
2389 3665 2614 3752 Quum

499 3800 656 3845 vero
715 3778 818 3843 hic
873 3780 1032 3844 situs
1087 3798 1222 3843 non
1279 3799 1530 3865 semper
1583 3782 1651 3843 in
1708 3789 1983 3864 utroque
2040 3799 2196 3843 sexu
2242 3787 2616 3843 constanter

498 3889 848 3955 simillimus
893 3889 1006 3955 sed
1053 3888 1226 3975 apud
1274 3888 1591 3955 diversum
1627 3913 1842 3957 sexum
1876 3887 2196 3954 variabilis
2241 3899 2306 3954 et
2351 3887 2615 3975 quidem

499 4000 814 4067 dissimilis
873 4001 1111 4082 evadit,
1170 4003 1319 4068 mihi
1374 4001 1595 4068 saltem
1652 4006 1859 4068 minus
1919 4012 2134 4089 aptum
2178 4022 2301 4068 nec
2342 4012 2616 4066 naturae
