2800 4867
404 482 522 523 vm
1284 459 1659 548 Praefatio.

407 636 564 709 dum
597 636 756 708 mihi
798 637 1121 734 permisit,
1174 647 1244 709 et
1275 639 1685 711 insectorum
1719 634 2316 712 describendorum
2349 636 2520 710 libe-

405 750 730 824 ralissime
764 753 1026 849 copiam
1061 750 1220 823 mihi
1255 751 1436 840 fecit,
1469 754 1603 824 imo
1636 749 2039 824 venerabilis
2064 775 2277 822 senex
2303 752 2523 822 omnia

408 889 507 951 ea,
557 889 840 963 quorum
889 867 1041 963 ipse
1092 864 1614 964 descriptionem
1667 875 1858 937 antea
1909 865 2256 962 inceperat
2304 863 2520 964 Chry-

405 977 697 1051 sidarum
770 1004 1254 1077 europaearum
1332 979 1734 1077 exemplaria
1795 977 1953 1048 mihi
2017 976 2277 1050 obtulit.
2378 975 2523 1055 Qua

407 1095 649 1166 eximia
709 1092 1122 1191 benignitate
1172 1092 1346 1166 adeo
1397 1094 1659 1165 adiutus
1711 1118 1889 1178 sum,
1952 1103 2026 1162 ut
2076 1102 2363 1188 angusto
2413 1092 2520 1164 bi-

405 1209 638 1279 mestri
688 1208 903 1305 spatio
956 1208 1103 1280 116
1154 1210 1423 1305 species
1476 1205 1871 1292 conferrem,
1923 1204 2067 1277 130
2106 1207 2372 1301 species
2423 1206 2523 1276 in-

406 1333 635 1418 tegras
669 1320 1148 1409 describerem,
1187 1324 1279 1395 16
1312 1321 1575 1395 tabulas
1609 1321 2001 1420 synopticas
2037 1344 2519 1416 componerem

408 1446 478 1508 et
544 1447 995 1508 trecentarum
1043 1434 1520 1535 Chrysidarum
1576 1432 1973 1532 unguiculas
2032 1434 2520 1530 microscopice

405 1550 958 1646 pervestigarem.
1042 1547 1243 1621 Hunc
1290 1550 1594 1621 ultimum
1643 1549 1946 1622 laborem
1983 1548 2253 1619 minime
2289 1557 2520 1618 exant-

405 1662 545 1735 lare
594 1665 999 1759 potuissem,
1070 1665 1197 1735 nisi
1245 1665 1347 1735 vir
1398 1663 1805 1735 clarissimus
1858 1662 2091 1752 Stein,
2154 1660 2520 1758 professor,

408 1778 667 1873 egregii
718 1778 820 1847 sui
872 1778 1301 1875 microscopii
1349 1805 1544 1850 usum
1596 1777 1755 1849 mihi
1806 1776 2276 1848 concessisset.

549 1886 776 1962 Musei
823 1885 1281 1964 Berolinensis
1345 1894 1852 1989 praestantiam,
1926 1890 2012 1962 ab
2076 1889 2219 1960 aliis
2283 1889 2522 1960 merito

405 2001 765 2089 laudatam,
842 2005 1169 2078 extollere
1231 2032 1368 2077 non
1427 2031 1652 2078 meum
1718 2017 1843 2078 est.
1950 2001 2240 2076 Cuilibet
2297 2004 2521 2099 ingre-

407 2114 616 2189 dienti
676 2160 769 2172 —
835 2120 1008 2191 sitne
1072 2118 1387 2191 historiae
1453 2119 1766 2193 naturalis
1841 2119 2100 2217 peritus
2160 2143 2375 2189 necne
2428 2158 2521 2171 —

404 2232 758 2303 maximam
821 2231 1328 2305 admirationem
1390 2246 1622 2306 movet
1686 2245 1789 2305 tot
1846 2243 2317 2327 tantorumque
2384 2231 2521 2300 ani-

406 2343 671 2415 malium
737 2344 916 2417 bene
968 2344 1268 2416 ordinata
1320 2346 1705 2444 dispositio,
1779 2345 2132 2418 doctorum
2180 2342 2521 2413 hominum

406 2458 854 2554 sagacissimis
915 2460 1453 2558 inquisitionibus
1514 2461 1871 2532 constituta
1934 2469 2002 2530 et
2061 2468 2343 2529 servata.
2448 2451 2521 2527 Iu

409 2570 806 2669 colligendis
859 2585 927 2646 et
977 2572 1411 2646 adservandis
1459 2575 1734 2646 insectis
1765 2574 1869 2645 vir
1902 2571 2304 2643 clarissimus
2335 2569 2523 2662 Kluq

407 2684 552 2757 fere
604 2689 1080 2785 quinquaginta
1132 2713 1454 2759 annorum
1507 2712 1782 2785 operam
1830 2683 2186 2782 impendit,
2249 2709 2287 2753 a
2335 2684 2524 2754 mini-

407 2801 615 2871 sterio
663 2803 878 2897 regis,
942 2803 1051 2874 cui
1098 2800 1333 2873 barum
1381 2826 1610 2875 rerum
1659 2823 1820 2873 cura
1857 2810 2008 2885 est,
2080 2822 2316 2892 magna
2369 2821 2521 2868 cum

406 2912 803 2987 liberalitate
853 2916 1136 2989 adiutus.

555 3024 723 3099 Cum
759 3024 1055 3102 Berolini
1105 3029 1450 3127 degerem,
1499 3054 1540 3100 a
1588 3030 1749 3101 viris
1798 3027 2092 3112 summis,
2141 3025 2357 3099 libero
2393 3021 2523 3096 Ba-

405 3165 574 3212 rone
623 3141 1035 3218 Alexandro
1085 3144 1179 3216 ab
1210 3142 1608 3232 Humboldt,
1657 3166 1788 3214 nec
1834 3167 1970 3212 non
2006 3141 2221 3213 libero
2244 3137 2521 3211 Barone

408 3276 460 3325 a
489 3253 885 3348 HGk-saon,
936 3257 1308 3331 studiorum
1356 3282 1662 3329 meorum
1712 3254 2081 3328 fautoribus
2130 3254 2523 3353 praeclaris-

407 3369 612 3456 simis,
672 3371 984 3444 incitatus
1035 3397 1201 3458 sum,
1262 3382 1338 3443 ut
1386 3366 1717 3442 Viennam
1764 3370 2126 3458 visitarem,
2175 3368 2294 3441 ubi
2343 3370 2524 3440 inse·

407 3492 668 3553 ctorum
702 3482 1017 3583 Europae
1048 3482 1500 3557 meridionalis
1533 3495 1605 3556 et
1634 3484 1958 3580 imprimis
1989 3481 2322 3568 Austriae,
2354 3479 2525 3554 huc-

404 3620 624 3694 usque
673 3623 809 3669 non
858 3599 1020 3670 satis
1069 3598 1494 3695 cognitorum
1542 3597 1980 3694 largissimam
2047 3621 2339 3668 messem
2402 3620 2524 3667 ex-

407 3721 686 3808 pectare
744 3736 1045 3809 possem.
1157 3710 1530 3785 Absentiae
1603 3722 1826 3783 autem
1890 3711 2086 3783 venia
2152 3735 2303 3781 cum
2353 3734 2525 3796 non-

408 3825 535 3895 nisi
598 3822 684 3896 ad
744 3824 945 3897 finem
1006 3827 1257 3899 mensis
1320 3822 1640 3898 Octobris
1706 3822 1866 3896 mihi
1932 3848 2258 3896 concessa
2321 3834 2525 3909 esset,

406 3936 543 4010 hoc
614 3939 853 4013 itinere
913 3939 1162 4011 invitus
1221 3940 1529 4013 abstinui.
1627 3936 1941 4011 Attamen
2001 3936 2160 4009 mibi
2223 3933 2526 4008 Lundam

410 4048 646 4125 reduci
694 4091 794 4107 -
839 4065 1155 4153 quantum
1206 4051 1407 4127 fuerit
1454 4053 1768 4152 gaudium
1818 4076 2043 4125 meum
2094 4052 2380 4149 quisque
2431 4050 2529 4123 fa-
