2800 4867
447 487 542 528 xu
1323 464 1695 551 Praefatio.

447 643 794 729 sentietur,
845 643 974 713 iam
1024 640 1182 714 inde
1233 641 1318 715 ab
1369 667 1544 714 anno
1585 641 1778 715 1808
1825 642 1937 736 (in
1980 636 2107 713 InS.
2142 636 2401 738 Ligur.)
2451 668 2559 714 as-

447 756 803 844 severanti,
853 755 1239 829 abdominis
1287 763 1700 850 segmentum
1748 755 2035 829 dorsale
2083 757 2357 827 tertiam
2390 754 2559 827 duo-

446 869 575 942 bus
626 872 992 967 segmentis
1043 868 1416 944 dorsalibus
1469 882 1795 943 constare.
1864 867 2074 947 Quam
2123 870 2407 967 partium
2454 896 2559 941 ra-

445 984 696 1055 tionem
747 985 814 1054 in
862 984 1207 1084 plerisque
1253 985 1617 1083 speciebus
1649 1010 1783 1081 ego
1818 1009 2092 1083 quoque
2123 984 2376 1069 inveni3
2427 995 2560 1056 ter-

445 1098 607 1168 tium
669 1099 896 1197 itaque
958 1110 1381 1197 segmentum
1447 1098 1710 1171 dorsale
1771 1124 1897 1196 pro
1960 1097 2341 1196 supradicta
2405 1122 2559 1169 area

445 1212 682 1299 basa'li,
768 1225 1072 1312 quartum
1137 1225 1209 1286 et
1267 1212 1570 1284 ultimum
1628 1238 1754 1310 pro
1819 1236 1973 1284 area
2033 1210 2201 1282 anali
2249 1210 2559 1284 habenda

445 1338 618 1413 sunt,
669 1338 739 1397 et
787 1329 1002 1400 series
1049 1326 1465 1400 soveolarum
1516 1326 1943 1423 anteapicalis
1992 1324 2151 1396 nihil
2202 1324 2378 1398 aliud
2430 1327 2557 1398 erit

442 1440 570 1511 nisi
617 1466 852 1538 margo
904 1452 1250 1514 catenatus
1285 1439 1725 1528 duriusculuS,
1775 1440 2002 1512 ultima
2037 1438 2172 1511 duo
2207 1451 2558 1537 segmenta

443 1552 767 1627 dividens,
887 1552 1098 1632 Quam
1159 1557 1556 1628 sententiam
1622 1552 1888 1628 abunde
1951 1552 2342 1625 confirmant
2403 1551 2556 1625 tho-

440 1669 614 1739 racis
678 1680 1028 1765 segmenta
1095 1667 1382 1740 dorsalia
1448 1680 1520 1740 et
1578 1667 1974 1766 pectoralia,
2035 1666 2213 1739 haud
2263 1693 2414 1740 raro
2463 1669 2555 1739 ita

440 1783 614 1853 inter
663 1808 739 1855 se
791 1784 1164 1869 coniuncta,
1227 1784 1362 1854 imo
1416 1793 1752 1869 concreta,
1807 1793 1884 1853 ut
1930 1782 2192 1853 nonnisi
2241 1781 2557 1854 adhibitis

441 1898 688 1968 suturis
735 1908 924 1969 recte
976 1895 1291 1993 distingui
1340 1898 1620 1993 possint.

582 2006 943 2108 Impressio
979 2008 1248 2082 basalis
1279 2009 1616 2082 normalis
1648 2012 1975 2102 segmenti
2006 2009 2316 2083 dorsalis
2337 2013 2556 2105 primi

438 2149 570 2194 non
625 2124 841 2195 solum
891 2150 929 2194 a
975 2123 1280 2195 musculo
1334 2135 1643 2196 erectore
1678 2124 1949 2212 laterali,
1999 2122 2125 2196 sed
2161 2126 2429 2223 saepius
2462 2125 2550 2198 ab

437 2237 828 2336 aequalibus
877 2239 1195 2309 metanoti
1226 2238 1749 2335 protuberantiis
1783 2237 2082 2310 efficitur.
2169 2234 2355 2315 Quae
2386 2263 2550 2335 pro-

436 2352 850 2445 tuberantiae
903 2363 1209 2423 constant

534 2464 624 2555 1)
676 2465 1086 2561 marginibus
1134 2464 1246 2537 vel
1295 2464 1651 2537 asserculis
1699 2466 1905 2537 rectis
1955 2475 2067 2536 aut
2119 2464 2427 2548 curvatis,

528 2576 624 2670 2)
675 2580 994 2652 metanoti
1042 2578 1299 2676 angulis
1348 2570 2075 2675 postico-lateralibuS,

529 2692 621 2783 3)
670 2692 1092 2790 postscutelli
1140 2694 1634 2765 continuatione
1684 2691 1950 2764 dentata
2002 2700 2117 2762 aut
2163 2689 2482 2762 aculeata.

578 2802 770 2877 Hanc
848 2808 1413 2879 continuationem
1475 2808 1719 2893 rariuS,
1792 2807 2128 2902 margines
2190 2814 2412 2875 autem
2474 2816 2548 2875 et
2611 2895 2618 2899 ‚

433 2919 713 3015 angulos
765 2947 1037 3019 semper
1078 2922 1318 2993 inveni.
1387 2917 1774 2992 Secundum
1821 2920 2358 3018 protuberantias
2389 2917 2546 3015 plus

429 3033 540 3104 vel
589 3035 805 3107 minus
856 3035 1149 3107 elevatas
1199 3035 1599 3105 constitutae
1645 3045 1799 3105 sunt
1828 3035 2325 3132 impressioneS,
2376 3057 2547 3131 quas

430 3148 631 3244 igitur
681 3173 766 3220 eo
815 3161 1122 3247 tempore
1171 3144 1379 3220 factas
1429 3145 1635 3219 fuisse
1686 3148 1913 3245 liquet,
1964 3174 2100 3246 quo
2151 3145 2543 3231 animalculi,

429 3261 767 3361 nymphae
841 3274 1082 3335 statum
1158 3259 1422 3360 adepti,
1506 3287 1739 3333 omnes
1812 3272 2039 3360 partes
2111 3261 2542 3333 mollissimae

429 3388 636 3448 erant.

491 3481 498 3488 ⁴
572 3486 777 3560 Primi
827 3500 921 3561 et·
946 3486 1224 3561 secundi
1276 3489 1608 3585 segmenti
1658 3486 1937 3560 dorsalis
1987 3490 2321 3585 margines
2372 3488 2541 3562 late-

430 3601 636 3689 raleS,
709 3628 1180 3702 nonnunquam
1256 3601 1339 3673 ad
1401 3600 1957 3701 perpendiculum
2021 3600 2396 3690 decurvati,
2470 3604 2542 3674 in

430 3727 718 3813 utroque
778 3716 988 3790 latere
1039 3717 1442 3815 singularem
1495 3715 1787 3790 efficiunt
1835 3742 2092 3803 aream,
2154 3717 2339 3789 tenui
2386 3715 2543 3813 plus

426 3831 731 3904 minusve
798 3830 1059 3904 elevato
1111 3833 1416 3928 margine
1463 3830 1969 3918 circumdatam,
2044 3856 2239 3930 quam
2293 3853 2545 3903 aream

427 3943 789 4017 lateralem
817 3946 1457 4039 intramaryinalem
1490 3944 1835 4044 appellavi.
1888 3942 2092 4016 Cuius
2127 3969 2323 4017 areae
2358 3946 2540 4016 scul-

424 4069 618 4156 ptura
680 4072 750 4134 et
810 4060 1021 4135 forma
1084 4059 1170 4135 ad
1221 4057 1726 4158 distinguendas
1776 4070 1961 4133 arcte
2012 4070 2331 4157 cognatas
2383 4085 2541 4158 spe-
