2800 4867
520 475 612 542 ω
1359 476 1424 540 3.
1521 473 1811 540 anulus.

519 651 565 716 l.
609 671 892 737 cyaneus
936 650 980 715 l.
1024 649 1245 716 viridis
1289 651 1333 716 1.
1379 671 1577 718 aureo
1606 650 2048 739 resplendens.
2141 652 2403 719 Cavitas
2447 652 2634 719 facia-

518 759 598 829 lis
643 763 998 830 laevissima
1043 762 1418 829 nitidissima
1462 763 1681 830 viridis
1726 774 1835 829 aut
1865 786 2128 851 cyanea.
2195 765 2632 831 Antennarum

519 897 748 962 scapus
790 885 855 940 et
892 875 1245 961 pedicellus
1288 877 1748 963 viridi-cyanei,
1792 877 2107 964 flagellum
2151 879 2625 965 nigro-fuscum.

518 991 731 1054 Frons
772 992 940 1053 inter
982 998 1304 1054 stemmata
1351 1000 1416 1056 et
1470 988 1698 1054 oculos
1753 988 2006 1055 modice
2045 1001 2352 1077 punctato
2366 994 2631 1056 -reticn·

519 1100 675 1178 lata,
733 1099 952 1166 viridis
1009 1111 1117 1166 aut
1175 1123 1439 1188 cyanea.
1527 1100 1726 1167 Oculi
1761 1105 2020 1166 exserti
2067 1101 2413 1168 rotundate
2461 1105 2629 1169 ovati
2703 1177 2718 1187 ι

516 1211 1052 1279 fusco-brunnei.
1139 1214 1346 1299 Regio
1392 1222 1784 1278 stemmatum
1828 1214 2028 1279 nitida
2071 1213 2395 1279 sublaevis
2435 1214 2479 1280 l.
2521 1236 2632 1301 pa-

517 1345 776 1413 rumper
829 1324 1215 1413 punctulata.
1308 1324 1554 1412 Capitis
1596 1347 1814 1412 margo
1875 1336 1938 1391 et
1992 1329 2278 1413 posticas
2339 1336 2404 1391 et
2455 1347 2629 1412 pone

518 1436 750 1503 oculos
792 1437 1073 1503 lateralis
1116 1437 1413 1502 distincte
1456 1447 1812 1524 punctatns.
1879 1440 2122 1504 Vertex
2152 1460 2435 1525 cyaneus
2465 1436 2508 1503 l.
2537 1441 2628 1503 vi-

498 1549 695 1615 ridis.
769 1551 1029 1616 Thorax
1069 1548 1377 1616 robustus
1419 1547 1649 1636 gibbus
1678 1549 2065 1615 latiuseulus.
2139 1553 2493 1616 Pronotum
2519 1572 2632 1616 an-

515 1665 642 1727 tice
686 1661 770 1726 ad
812 1665 1154 1751 marginem
1201 1660 1497 1727 distincte
1542 1672 1924 1749 punctatum,
1969 1665 2217 1750 postioe
2251 1683 2400 1728 area
2427 1661 2628 1728 nitida

516 1774 967 1840 semicirculari
1009 1774 1175 1839 laevi
1216 1796 1409 1861 parce
1454 1774 1841 1860 punctulata.
1930 1775 2198 1841 Dorsuli
2239 1796 2388 1862 pars
2419 1778 2628 1840 antica

513 1886 904 1951 laeviuscula
949 1886 1148 1952 nitida
1191 1908 1385 1974 parce
1426 1885 1828 1973 punctulata;
1871 1886 2156 1974 ejusdem
2199 1908 2346 1973 pars
2380 1891 2630 1974 postica

514 2019 641 2064 nec
682 2019 819 2064 non
860 1997 1195 2063 scutellum
1238 2008 1630 2064 metanotum
1672 2009 1734 2064 et
1763 1998 2026 2086 pleurae
2054 2021 2266 2065 crasse
2296 2008 2631 2086 punctato-

515 2093 875 2188 reticulata}
935 2121 1217 2176 sternum
1271 2111 1541 2177 nitidum
1586 2114 1961 2176 coriaceum.
2050 2113 2305 2176 Pictura
2346 2112 2630 2176 thoracis

515 2222 785 2288 mirifice
827 2221 1018 2299 ludit;
1075 2226 1142 2287 in
1199 2221 1487 2309 plurimis
1539 2233 1754 2288 tamen
1802 2226 2063 2310 pronoti
2102 2244 2320 2310 margo
2365 2226 2632 2303 anticas,

514 2338 839 2400 mesonoti
895 2345 958 2399 et
1013 2338 1321 2400 metanoti
1377 2333 1578 2399 latera
1630 2345 1961 2421 totumque
2004 2345 2228 2424 pectus
2271 2335 2440 2400 laete
2479 2337 2632 2399 viri-

515 2444 648 2525 dia,
706 2445 932 2511 leviter
988 2444 1561 2533 cyaneo-imbuta,
1606 2485 1690 2496 —
1735 2452 1999 2535 pronoti
2058 2470 2208 2514 area
2261 2450 2511 2534 postica
2563 2458 2633 2512 et

514 2560 834 2624 mesonoti
879 2557 1090 2625 discus
1137 2580 1385 2645 cyanea
1430 2569 1540 2623 aut
1580 2559 1886 2641 violacea,
1936 2600 2015 2613 -
2063 2564 2369 2626 metanoti
2401 2558 2633 2647 gibbo-

512 2672 668 2735 sitas
711 2673 938 2757 nigro·
993 2682 1101 2736 aut
1154 2671 1812 2750 violassenti-aenea3
1867 2671 2188 2739 interdum
2238 2691 2398 2737 vero
2451 2682 2631 2737 totus

512 2782 761 2847 thorax‘
781 2804 1084 2868 cyaneus·
1177 2784 1446 2850 Femora
1495 2796 1559 2849 et
1600 2783 1798 2849 tibiae
1843 2806 1978 2850 uno
2004 2784 2204 2850 latere
2234 2805 2496 2870 cyanea,
2539 2782 2633 2848 al-

513 2904 656 2960 tero
702 2892 927 2958 viridia
969 2892 1283 2974 videntur,
1329 2899 1593 2961 omnino
1638 2897 1991 2972 secundnm
2036 2897 2286 2962 luminis
2331 2900 2518 2961 situm
2553 2899 2632 2961 -in

513 3027 648 3092 quo
680 3005 1128 3071 observantur«
1170 3007 1499 3073 Tibiarum
1532 3008 1797 3075 calcaria
1827 3007 2064 3095 pallide
2093 3018 2391 3073 testacea.
2440 3010 2634 3073 Tarsi

511 3115 655 3181 basi
695 3115 867 3182 tibiis
914 3118 1312 3197 concoloreS,
1357 3123 1538 3207 apice
1568 3119 1863 3187 brunnei.
1930 3120 2281 3207 Unguiculi
2308 3132 2633 3187 tarsorum

513 3238 797 3294 testaceo
842 3228 1118 3296 brunnei
1160 3230 1611 3318 subpellucidi.
1698 3233 1862 3298 Alae
1918 3231 2057 3298 basi
2102 3232 2272 3299 clare
2315 3232 2636 3321 albohya·

512 3339 708 3422 linae,
764 3345 945 3428 apice
1003 3342 1210 3430 ample
1261 3355 1542 3410 saturate
1586 3345 1902 3423 fumosae,
1959 3364 2163 3410 venae
2207 3344 2542 3410 brunneae
2589 3346 2632 3410 l.

512 3463 797 3519 testaceo
839 3452 1202 3532 brunneae3
1250 3454 1509 3523 Cellula
1551 3456 1806 3522 radialis
1849 3468 2092 3523 tantum
2132 3459 2447 3537 inchoata,
2492 3459 2634 3524 scil.

511 3586 679 3631 vena
722 3565 975 3631 radialis
1020 3588 1168 3632 mox
1210 3570 1373 3633 infra
1420 3572 1656 3656 stigma,
1700 3572 1899 3633 instar
1931 3568 2157 3633 ramuli
2186 3571 2637 3656 stigmaticaIiS,

441 3730 445 3733 .
512 3663 784 3763 abrupte
829 3676 1079 3744 desinit.
1161 3679 1501 3747 Abdomen
1530 3682 1868 3761 mediocre,
1913 3680 2195 3761 nitidum,
2244 3681 2443 3747 dorso
2479 3683 2638 3748 sub-

509 3790 706 3856 tiliter
746 3790 1206 3877 punctulatum‚
1257 3802 1575 3878 punctura
1617 3792 1943 3880 marginali
1984 3795 2351 3879 praesertim
2397 3795 2640 3881 apicali

512 3901 910 3969 distinctiori.
987 3903 1237 3968 Venter
1278 3903 1671 3970 laevissimus
1716 3908 1821 3969 vix
1855 3905 2298 3990 punctulatus3
2343 3928 2642 3994 segmen-

511 4024 645 4079 tum
689 4014 980 4081 ultimum
1023 4014 1204 4082 disco
1250 4015 1610 4082 confertius
1646 4016 2106 4103 punctulatum.
