2800 4867
461 489 576 531 xvr
1330 434 1713 555 ‘Pr-affatio.

466 643 935 717 solutissimam
993 655 1215 717 autem
1267 642 1745 747 Chrysidarum
1809 643 2089 725 formam
2138 672 2273 719 non
2322 648 2388 718 in
2436 644 2576 717 hoc

461 784 750 858 genere,
802 756 928 831 sed
974 760 1042 830 in
1094 782 1218 849 eo,
1280 760 1464 859 quod
1516 757 1804 833 Stilbum
1854 774 2299 861 nuncupatur,
2362 786 2572 858 quae-

459 873 736 948 rendam
789 898 944 946 esse
988 874 1383 971 putaverim.
1469 871 1675 947 Cuius
1723 876 1994 971 generis
2044 877 2333 974 species,
2382 875 2575 972 quasi

460 989 702 1062 eodem
753 984 1027 1060 modulo
1077 1013 1117 1059 a
1164 999 1396 1060 natura
1444 987 1797 1074 formatae,
1856 1001 1989 1061 tam
2039 1003 2224 1063 arcte
2272 991 2446 1061 inter
2494 1012 2575 1059 se

463 1114 788 1201 cognatae
822 1112 996 1189 sunt,
1043 1113 1120 1173 ut
1149 1103 1412 1186 nonnisi
1443 1103 1734 1174 minutiis
1767 1102 2165 1201 quibusdam
2201 1102 2520 1176 differant.

608 1213 834 1289 Genus
869 1212 1261 1314 Spintharis,
1313 1215 1499 1314 quod
1547 1224 1711 1289 ante
1752 1242 1967 1313 genus
2002 1216 2277 1317 Chrysis
2311 1242 2574 1315 ponen-

459 1330 617 1403 dum
668 1341 829 1418 erat,
876 1330 1093 1401 minus
1140 1341 1332 1403 recte
1371 1337 1542 1426 po‘st
1587 1329 1722 1403 hoc
1770 1357 1984 1428 genus
2035 1359 2075 1405 a
2122 1359 2232 1405 me
2278 1332 2574 1416 colloca-

457 1455 600 1516 tum
673 1468 827 1516 esse
899 1442 1014 1515 hic
1085 1442 1493 1517 monendum
1554 1469 1824 1518 censeo.
1935 1443 2311 1544 Spintharis
2373 1446 2575 1530 enim,

458 1582 632 1656 quae
704 1558 1161 1632 transitionem
1217 1557 1376 1631 facit
1437 1559 1523 1631 ab
1586 1556 2123 1638 Euchroeidibus
2185 1560 2272 1632 ad
2328 1557 2562 1657 Hedy-

456 1671 754 1758 chridas,
815 1672 883 1743 in
945 1682 1311 1771 systemate
1370 1671 1652 1745 naturali
1714 1674 2124 1771 aptissimum
2173 1675 2397 1754 locum
2445 1699 2572 1744 oc-

459 1798 661 1884 cupat
720 1787 894 1857 inter
944 1780 1767 1886 Omalum‚Hedyeh1-um
1819 1798 1891 1860 et
1940 1786 2373 1887 Chrysidem,
2433 1813 2573 1858 non

457 1912 678 1973 autem
724 1901 903 1972 inter
950 1898 1322 1971 arctissime
1373 1902 1727 2028 coniuncta
1774 1926 2027 2034 genera
2063 1899 2462 2002 Chrysidem
2497 1912 2575 1975 et

458 2012 769 2088 Stilbum.

602 2125 938 2224 Superest
994 2137 1071 2198 ut
1127 2130 1478 2226 sequentia
1527 2130 1795 2199 nomina
1844 2153 2249 2255 synonyma,
2326 2132 2393 2202 in
2444 2127 2571 2199 de-

457 2240 933 2339 scriptionibus
984 2243 1249 2329 omissa‚
1298 2242 1410 2313 hic
1460 2225 1968 2338 subiungamus:

539 2354 775 2428 Chrysis
825 2353 1126 2411 bidentum
1175 2352 1271 2414 De
1298 2353 1455 2414 Geer
1493 2352 1669 2413 Mem.
1710 2355 1778 2413 2.
1792 2354 1860 2412 2.
1872 2352 2020 2414 837:
2035 2353 2075 2411 2
2125 2361 2388 2412 nostrum
2439 2371 2575 2413 esse

612 2447 843 2507 videtur
878 2449 1240 2523 Hedyclmam
1279 2452 1454 2509 anule
1490 2469 1590 2508 no.
1617 2449 1711 2507 40.

539 2544 775 2619 Chrysis
833 2544 1086 2601 nitidula
1132 2541 1364 2605 Ahrens
1411 2543 1594 2604 Faun.
1632 2544 1697 2601 4:
1713 2542 1790 2601 12
1849 2549 2113 2602 nostrum
2163 2560 2289 2602 esse
2340 2540 2576 2602 videtur

613 2639 976 2715 Hedychrum
1008 2641 1298 2712 fervidum
1334 2660 1434 2699 no.
1464 2637 1561 2698 53.

538 2736 776 2809 Chrysis
812 2735 1104 2792 maculata
1140 2732 1313 2794 Fabr.
1340 2732 1549 2813 Suppl.
1586 2730 1707 2792 258
1730 2732 1929 2790 312-
1949 2731 2051 2806 133
2101 2729 2367 2809 Coqueh.
2403 2730 2570 2791 lcon.

613 2829 758 2888 Tab.
789 2827 885 2886 14.
924 2826 1050 2907 Fig.
1082 2826 1160 2888 10
1195 2836 1463 2889 nostrum
1501 2845 1628 2887 csse
1654 2825 1882 2886 videtur
1905 2828 2265 2903 Hedychrum
2289 2828 2572 2886 Zimmer-

614 2924 834 2994 manm',
872 2942 970 2982 no.
995 2921 1094 2982 32.

538 3022 773 3097 Chrysis
819 3020 1131 3096 inteqrella
1181 3017 1318 3078 nob.
1361 3016 1538 3098 Spec.
1586 3036 1684 3077 no.
1724 3015 1803 3077 ¹73
1852 3018 1979 3092 leqe
2022 3018 2256 3093 Chrysis
2303 3018 2575 3092 neglecta

616 3113 840 3174 Shuck.

601 3207 913 3310 Denique
949 3236 1120 3309 opus
1156 3222 1480 3295 nostrum,
1528 3205 2136 3310 pulcherrimorum*
2160 3208 2571 3278 insectorum

456 3323 765 3397 familiam
827 3325 1319 3423 complectenS,
1393 3324 1574 3393 omni
1636 3345 1768 3419 qua
1829 3321 2166 3417 potuimus
2228 3319 2571 3417 diligentia

459 3450 528 3511 et
587 3438 882 3511 sollertia
932 3438 1378 3518 elaboratum,
1445 3433 2026 3530 entomologorum
2075 3433 2572 3506 benivolentiae

457 3554 699 3624 iterum
750 3563 953 3651 atque
1002 3553 1244 3623 iterum
1295 3545 1861 3620 commendamus,
1910 3644 1914 3649 ,

598 3693 879 3782 Lundae
930 3693 1298 3768 Gothorum
1347 3719 1582 3767 mense
1633 3687 1814 3764 Maio
1866 3690 2077 3765 1852.

1662 3928 1751 4013 A.
1796 3928 1874 4012 G.
1920 3924 2375 4012 mmmm.
